date,tid,ctype,cgender,category,paym,discapld,unitsold,ppu,totalsales,saleslevel
5/6/2023,NTC001,Loyalty,M,Food & Drinks,Mobile Money,Yes,2,70,140,High
5/6/2023,NTC002,Loyalty,F,Online support services,Cash,No,20,5,100,High
5/6/2023,NTC003,Loyalty,M,Food & Drinks,Cash,No,2,60,120,High
5/6/2023,NTC004,Non-loyalty,M,Cyber services,Mobile Money,No,19,10,190,High
5/6/2023,NTC005,Non-loyalty,M,Food & Drinks,Cash,Yes,4,5,20,Low
5/6/2023,NTC006,Non-loyalty,F,Stationery & Office Supplies,Mobile Money,Yes,2,10,20,Low
5/8/2023,NTC007,Loyalty,M,Cyber services,Mobile Money,No,24,5,120,High
5/8/2023,NTC008,Loyalty,M,Food & Drinks,Mobile Money,No,1,70,70,Low
5/8/2023,NTC009,Loyalty,M,Cyber services,Mobile Money,Yes,1,10,10,Low
5/8/2023,NTC0010,Loyalty,F,Cyber services,Mobile Money,No,7,20,140,High
5/9/2023,NTC0011,Loyalty,M,Cyber services,Cash,No,3,30,90,High
5/9/2023,NTC0012,Loyalty,M,Cyber services,Mobile Money,No,2,15,30,Low
5/9/2023,NTC0013,Loyalty,M,Food & Drinks,Cash,No,1,60,60,Low
5/9/2023,NTC0014,Loyalty,M,Food & Drinks,Mobile Money,Yes,1,30,30,Low
5/9/2023,NTC0015,Loyalty,F,Online support services,Mobile Money,No,4,20,80,Low
5/9/2023,NTC0016,Loyalty,M,Food & Drinks,Mobile Money,No,1,60,60,Low
5/10/2023,NTC0017,Loyalty,F,Cyber services,Cash,Yes,4,10,40,Low
5/10/2023,NTC0018,Loyalty,F,Cyber services,Mobile Money,Yes,39,5,195,High
5/10/2023,NTC0019,Loyalty,F,Stationery & Office Supplies,Mobile Money,No,1,5,5,Low
5/10/2022,NTC0020,Loyalty,M,Stationery & Office Supplies,Mobile Money,No,1,10,10,Low
5/10/2023,NTC0021,Loyalty,F,Food & Drinks,Mobile Money,No,3,5,15,Low
5/11/2023,NTC0022,Loyalty,M,Cyber services,Cash,Yes,13,5,65,Low
5/11/2023,NTC0023,Non-loyalty,F,Stationery & Office Supplies,Mobile Money,Yes,1,10,10,Low
5/11/2023,NTC0024,Loyalty,F,Food & Drinks,Cash,No,1,5,5,Low
5/11/2023,NTC0025,Non-loyalty,F,Online support services,Mobile Money,No,1,20,20,Low
5/11/2023,NTC0026,Non-loyalty,F,Food & Drinks,Cash,No,1,60,60,Low
5/11/2023,NTC0027,Loyalty,F,Food & Drinks,Cash,No,1,70,70,Low
5/12/2023,NTC0028,Loyalty,F,Food & Drinks,Mobile Money,No,3,60,180,High
5/12/2023,NTC0029,Non-loyalty,F,Online support services,Mobile Money,Yes,1,20,20,Low
5/12/2023,NTC0030,Loyalty,F,Food & Drinks,Cash,Yes,1,30,30,Low
5/12/2023,NTC0031,Loyalty,M,Online support services,Mobile Money,Yes,15,10,150,High
5/12/2023,NTC0032,Loyalty,M,Food & Drinks,Mobile Money,No,1,5,5,Low
5/12/2023,NTC0033,Loyalty,F,Stationery & Office Supplies,Mobile Money,Yes,1,5,5,Low
5/12/2023,NTC0034,Non-loyalty,F,Food & Drinks,Cash,Yes,1,60,60,Low
5/15/2023,NTC0035,Non-loyalty,F,Food & Drinks,Mobile Money,No,1,70,70,Low
5/15/2023,NTC0036,Non-loyalty,M,Online support services,Mobile Money,No,1,50,50,Low
5/15/2023,NTC0037,Non-loyalty,F,Food & Drinks,Mobile Money,No,1,5,5,Low
5/15/2023,NTC0038,Loyalty,M,Cyber services,Cash,No,7,10,70,Low
5/15/2023,NTC0039,Loyalty,M,Mobile Accessories,Mobile Money,No,1,50,50,Low
5/15/2023,NTC0040,Non-loyalty,M,Stationery & Office Supplies,Cash,No,1,10,10,Low
5/15/2023,NTC0041,Loyalty,M,Stationery & Office Supplies,Mobile Money,No,12,5,60,Low
5/15/2023,NTC0042,Non-loyalty,M,Cyber services,Cash,No,1,20,20,Low
5/16/2023,NTC0043,Loyalty,F,Cyber services,Mobile Money,Yes,5,14,70,Low
5/16/2023,NTC0044,Loyalty,F,Online support services,Mobile Money,Yes,1,20,20,Low
5/16/2023,NTC0045,Loyalty,F,Cyber services,Cash,Yes,10,5,50,Low
5/16/2023,NTC0046,Non-loyalty,F,Cyber services,Cash,No,3,20,60,Low
5/16/2023,NTC0047,Loyalty,F,Food & Drinks,Cash,No,2,5,10,Low
5/16/2023,NTC0048,Loyalty,M,Cyber services,Mobile Money,Yes,1,50,50,Low
5/16/2023,NTC0049,Loyalty,F,Food & Drinks,Mobile Money,No,1,60,60,Low
5/16/2023,NTC0050,Loyalty,F,Online support services,Mobile Money,No,1,50,50,Low
5/17/2023,NTC0051,Loyalty,M,Online support services,Mobile Money,Yes,1,350,350,High
5/17/2023,NTC0052,Loyalty,F,Online support services,Cash,No,1,50,50,Low
5/17/2023,NTC0053,Non-loyalty,M,Food & Drinks,Mobile Money,No,1,60,60,Low
5/17/2023,NTC0054,Loyalty,F,Online support services,Mobile Money,No,10,5,50,Low
5/17/2023,NTC0055,Non-loyalty,M,Cyber services,Mobile Money,Yes,1,100,100,High
5/17/2023,NTC0056,Non-loyalty,F,Cyber services,Mobile Money,No,1,10,10,Low
5/19/2023,NTC0057,Loyalty,F,Cyber services,Mobile Money,No,37,5,185,High
5/19/2023,NTC0058,Non-loyalty,M,Cyber services,Mobile Money,No,1,10,10,Low
5/19/2023,NTC0059,Loyalty,M,Stationery & Office Supplies,Mobile Money,No,1,10,10,Low
5/19/2023,NTC0060,Loyalty,M,Stationery & Office Supplies,Cash,No,1,10,10,Low
5/19/2023,NTC0061,Non-loyalty,M,Food & Drinks,Mobile Money,Yes,1,70,70,Low
5/19/2021,NTC0062,Loyalty,M,Food & Drinks,Mobile Money,No,1,50,50,Low
5/20/2023,NTC0063,Loyalty,M,Cyber services,Mobile Money,No,91,10,910,High
5/20/2023,NTC0064,Loyalty,M,Cyber services,Mobile Money,No,2,30,60,Low
5/20/2023,NTC0065,Loyalty,M,Cyber services,Cash,No,1,50,50,Low
5/20/2023,NTC0066,Non-loyalty,F,Cyber services,Cash,Yes,1,300,300,High
5/20/2023,NTC0067,Non-loyalty,F,Online support services,Cash,Yes,1,50,50,Low
5/20/2023,NTC0068,Loyalty,M,Cyber services,Cash,No,75,2,150,High
5/20/2023,NTC0069,Non-loyalty,F,Food & Drinks,Cash,No,2,70,140,High
5/22/2023,NTC0070,Loyalty,F,Food & Drinks,Cash,No,4,70,280,High
5/23/2023,NTC0071,Non-loyalty,F,Cyber services,Mobile Money,No,6,10,60,Low
5/23/2023,NTC0072,Loyalty,F,Cyber services,Cash,No,9,5,45,Low
5/24/2023,NTC0073,Loyalty,M,Stationery & Office Supplies,Cash,Yes,20,2,40,Low
5/24/2023,NTC0074,Non-loyalty,F,Cyber services,Mobile Money,No,1,10,10,Low
5/24/2023,NTC0075,Non-loyalty,M,Cyber services,Cash,Yes,10,5,50,Low
5/24/2023,NTC0076,Loyalty,F,Online support services,Mobile Money,No,1,300,300,High
5/24/2023,NTC0077,Loyalty,F,Food & Drinks,Mobile Money,Yes,1,30,30,Low
5/25/2023,NTC0078,Non-loyalty,F,Online support services,Cash,Yes,1,180,180,High
5/25/2023,NTC0079,Loyalty,M,Food & Drinks,Mobile Money,No,12,5,60,Low
5/27/2023,NTC0080,Non-loyalty,F,Food & Drinks,Cash,Yes,1,50,50,Low
5/27/2023,NTC0081,Loyalty,M,Food & Drinks,Cash,No,2,5,10,Low
5/27/2023,NTC0082,Loyalty,F,Online support services,Mobile Money,No,16,5,80,Low
5/27/2023,NTC0083,Non-loyalty,M,Food & Drinks,Mobile Money,No,1,40,40,Low
5/27/2023,NTC0084,Loyalty,F,Food & Drinks,Cash,No,4,5,20,Low
5/29/2023,NTC0085,Loyalty,M,Cyber services,Mobile Money,No,3,10,30,Low
5/29/2023,NTC0086,Non-loyalty,M,Stationery & Office Supplies,Mobile Money,No,1,10,10,Low
5/29/2023,NTC0087,Loyalty,F,Stationery & Office Supplies,Cash,Yes,1,10,10,Low
5/29/2023,NTC0088,Non-loyalty,M,Cyber services,Cash,Yes,16,5,80,Low
5/29/2023,NTC0089,Loyalty,F,Mobile airtime top-up,Mobile Money,No,1,20,20,Low
5/29/2023,NTC0090,Non-loyalty,F,Cyber services,Cash,No,2,50,100,High
5/29/2023,NTC0091,Loyalty,F,Food & Drinks,Cash,No,4,50,200,High
5/29/2023,NTC0092,Loyalty,F,Food & Drinks,Cash,Yes,1,60,60,Low
5/29/2023,NTC0093,Non-loyalty,F,Cyber services,Cash,No,1,70,70,Low
5/29/2023,NTC0094,Loyalty,F,Food & Drinks,Cash,Yes,2,60,120,High
5/29/2023,NTC0095,Loyalty,F,Cyber services,Cash,Yes,5,20,100,High
5/29/2023,NTC0096,Loyalty,F,Cyber services,Cash,No,2,10,20,Low
5/29/2023,NTC0097,Loyalty,F,Online support services,Mobile Money,Yes,10,30,300,High
5/29/2023,NTC0098,Non-loyalty,F,Food & Drinks,Cash,No,1,50,50,Low
5/30/2023,NTC0099,Loyalty,F,Cyber services,Mobile Money,Yes,2,10,20,Low
5/30/2023,NTC00100,Loyalty,M,Cyber services,Mobile Money,Yes,2,5,10,Low
5/30/2023,NTC00101,Loyalty,M,Stationery & Office Supplies,Mobile Money,Yes,2,10,20,Low
5/30/2023,NTC00102,Loyalty,F,Food & Drinks,Cash,Yes,1,50,50,Low
5/30/2023,NTC00103,Non-loyalty,F,Food & Drinks,Cash,Yes,1,30,30,Low
5/31/2023,NTC00104,Loyalty,F,Mobile Accessories,Mobile Money,Yes,1,150,150,High
5/31/2023,NTC00105,Loyalty,F,Food & Drinks,Cash,Yes,1,5,5,Low
5/31/2023,NTC00106,Loyalty,F,Food & Drinks,Mobile Money,No,1,60,60,Low
6/1/2023,NTC00107,Loyalty,F,Mobile airtime top-up,Cash,No,1,10,10,Low
6/1/2023,NTC00108,Loyalty,F,Online support services,Cash,No,1,20,20,Low
1/6/2023,NTC00109,Non-loyalty,F,Cyber services,Mobile Money,No,1,40,40,Low
2/6/2023,NTC00110,Loyalty,M,Food & Drinks,Mobile Money,Yes,1,60,60,Low
2/6/2023,NTC00111,Non-loyalty,F,Stationery & Office Supplies,Mobile Money,Yes,1,5,5,Low
2/6/2023,NTC00112,Loyalty,M,Stationery & Office Supplies,Cash,No,1,10,10,Low
2/6/2023,NTC00113,Loyalty,F,Food & Drinks,Mobile Money,Yes,2,60,120,High
6/5/2023,NTC00114,Loyalty,F,Food & Drinks,Cash,No,1,40,40,Low
6/5/2023,NTC00115,Non-loyalty,M,Cyber services,Cash,No,1,20,20,Low
6/5/2023,NTC00116,Loyalty,F,Cyber services,Cash,No,1,10,10,Low
6/5/2023,NTC00117,Non-loyalty,M,Food & Drinks,Mobile Money,No,1,50,50,Low
6/5/2023,NTC00118,Loyalty,F,Cyber services,Mobile Money,Yes,8,5,40,Low
6/5/2023,NTC00119,Loyalty,F,Cyber services,Mobile Money,No,1,50,50,Low
6/5/2023,NTC00120,Loyalty,M,Cyber services,Cash,Yes,1,30,30,Low
6/5/2023,NTC00121,Non-loyalty,F,Cyber services,Cash,No,4,50,200,High
6/5/2023,NTC00122,Loyalty,M,Food & Drinks,Mobile Money,No,1,50,50,Low
6/6/2023,NTC00123,Non-loyalty,F,Mobile airtime top-up,Cash,Yes,1,10,10,Low
6/6/2023,NTC00124,Non-loyalty,M,Cyber services,Cash,Yes,2,20,40,Low
6/6/2023,NTC00125,Loyalty,M,Food & Drinks,Mobile Money,No,1,60,60,Low
6/6/2023,NTC00126,Loyalty,F,Food & Drinks,Mobile Money,Yes,2,5,10,Low
6/6/2023,NTC00127,Loyalty,F,Food & Drinks,Mobile Money,Yes,1,50,50,Low
6/6/2023,NTC00128,Loyalty,M,Food & Drinks,Cash,Yes,1,30,30,Low
6/6/2023,NTC00129,Loyalty,F,Food & Drinks,Cash,Yes,1,50,50,Low
7/6/2023,NTC00130,Loyalty,F,Cyber services,Cash,Yes,7,5,35,Low
7/6/2023,NTC00131,Non-loyalty,F,Cyber services,Cash,No,1,20,20,Low
7/6/2023,NTC00132,Loyalty,M,Cyber services,Cash,No,3,10,30,Low
7/6/2023,NTC00133,Non-loyalty,M,Cyber services,Mobile Money,No,4,20,80,Low
7/6/2023,NTC00134,Non-loyalty,M,Cyber services,Cash,Yes,1,20,20,Low
7/6/2023,NTC00135,Non-loyalty,M,Food & Drinks,Cash,No,1,5,5,Low
7/6/2023,NTC00136,Loyalty,M,Food & Drinks,Cash,Yes,1,60,60,Low
8/6/2023,NTC00137,Loyalty,M,Food & Drinks,Mobile Money,No,1,50,50,Low
8/6/2023,NTC00138,Non-loyalty,M,Cyber services,Mobile Money,No,1,10,10,Low
8/6/2023,NTC00139,Loyalty,M,Cyber services,Mobile Money,Yes,21,5,105,High
8/6/2023,NTC00140,Loyalty,M,Stationery & Office Supplies,Cash,No,5,10,50,Low
8/6/2023,NTC00141,Loyalty,F,Food & Drinks,Mobile Money,Yes,1,50,50,Low
8/6/2023,NTC00142,Loyalty,M,Cyber services,Mobile Money,No,2,10,20,Low
9/6/2023,NTC00143,Loyalty,F,Cyber services,Mobile Money,Yes,3,60,180,High
9/6/2023,NTC00144,Loyalty,F,Cyber services,Cash,Yes,1,10,10,Low
9/6/2023,NTC00145,Non-loyalty,F,Online support services,Mobile Money,Yes,1,50,50,Low
9/6/2023,NTC00146,Loyalty,M,Food & Drinks,Cash,No,1,50,50,Low
9/6/2023,NTC00147,Loyalty,M,Cyber services,Cash,No,1,10,10,Low
9/6/2023,NTC00148,Loyalty,M,Cyber services,Mobile Money,No,1,5,5,Low
9/6/2023,NTC00149,Loyalty,M,Cyber services,Cash,Yes,2,10,20,Low
10/6/2023,NTC00150,Non-loyalty,F,Food & Drinks,Mobile Money,Yes,1,40,40,Low
10/6/2023,NTC00151,Loyalty,M,Mobile airtime top-up,Cash,Yes,2,20,40,Low
10/6/2023,NTC00152,Loyalty,M,Mobile airtime top-up,Mobile Money,Yes,1,10,10,Low
10/6/2023,NTC00153,Loyalty,M,Cyber services,Mobile Money,Yes,1,50,50,Low
10/6/2023,NTC00154,Non-loyalty,M,Cyber services,Mobile Money,No,5,50,250,High
10/6/2023,NTC00155,Non-loyalty,M,Cyber services,Cash,Yes,2,40,80,Low
10/6/2023,NTC00156,Loyalty,F,Stationery & Office Supplies,Mobile Money,No,1,10,10,Low
12/6/2023,NTC00157,Non-loyalty,M,Stationery & Office Supplies,Cash,Yes,1,10,10,Low
12/6/2023,NTC00158,Loyalty,F,Cyber services,Mobile Money,Yes,3,5,15,Low
12/6/2023,NTC00159,Non-loyalty,M,Cyber services,Cash,Yes,2,25,50,Low
12/6/2023,NTC00160,Loyalty,F,Cyber services,Cash,No,2,10,20,Low
12/6/2023,NTC00161,Non-loyalty,M,Stationery & Office Supplies,Mobile Money,Yes,2,10,20,Low
12/6/2023,NTC00162,Non-loyalty,M,Online support services,Mobile Money,No,1,50,50,Low
12/6/2023,NTC00163,Non-loyalty,F,Cyber services,Mobile Money,No,1,10,10,Low
12/6/2023,NTC00164,Loyalty,F,Online support services,Mobile Money,Yes,1,20,20,Low
12/6/2023,NTC00165,Non-loyalty,F,Food & Drinks,Mobile Money,Yes,2,5,10,Low
12/6/2023,NTC00166,Non-loyalty,M,Food & Drinks,Cash,No,1,80,80,Low
6/13/2023,NTC00167,Loyalty,F,Cyber services,Mobile Money,No,1,10,10,Low
6/13/2023,NTC00168,Loyalty,M,Cyber services,Mobile Money,No,9,5,45,Low
6/13/2023,NTC00169,Non-loyalty,M,Online support services,Cash,No,1,50,50,Low
6/13/2023,NTC00170,Loyalty,F,Cyber services,Mobile Money,Yes,1,50,50,Low
6/13/2023,NTC00171,Non-loyalty,F,Cyber services,Mobile Money,Yes,1,50,50,Low
6/13/2023,NTC00172,Non-loyalty,M,Cyber services,Cash,Yes,2,30,60,Low
6/14/2023,NTC00173,Non-loyalty,M,Food & Drinks,Mobile Money,No,1,5,5,Low
6/15/2023,NTC00174,Loyalty,F,Cyber services,Mobile Money,No,2,30,60,Low
6/15/2023,NTC00175,Loyalty,F,Mobile airtime top-up,Mobile Money,Yes,1,50,50,Low
6/15/2023,NTC00176,Loyalty,F,Food & Drinks,Cash,Yes,1,50,50,Low
6/16/2023,NTC00177,Loyalty,M,Food & Drinks,Mobile Money,Yes,2,50,100,High
6/16/2023,NTC00178,Loyalty,M,Cyber services,Cash,Yes,3,10,30,Low
6/16/2023,NTC00179,Loyalty,M,Food & Drinks,Mobile Money,Yes,1,50,50,Low
6/16/2023,NTC00180,Loyalty,M,Cyber services,Cash,Yes,2,30,60,Low
6/17/2023,NTC00181,Non-loyalty,M,Food & Drinks,Mobile Money,Yes,1,5,5,Low
6/17/2023,NTC00182,Non-loyalty,M,Mobile airtime top-up,Cash,No,1,20,20,Low
6/19/2023,NTC00183,Non-loyalty,F,Cyber services,Cash,Yes,2,50,100,High
6/19/2023,NTC00184,Loyalty,M,Cyber services,Cash,No,8,10,80,Low
6/19/2023,NTC00185,Loyalty,M,Cyber services,Cash,Yes,5,5,25,Low
6/19/2023,NTC00186,Loyalty,M,Food & Drinks,Cash,Yes,1,80,80,Low
6/19/2023,NTC00187,Loyalty,F,Stationery & Office Supplies,Cash,No,2,10,20,Low
6/19/2023,NTC00188,Non-loyalty,M,Food & Drinks,Mobile Money,No,4,5,20,Low
6/19/2023,NTC00189,Loyalty,M,Mobile Accessories,Mobile Money,No,1,230,230,High
6/19/2023,NTC00190,Loyalty,F,Food & Drinks,Cash,No,1,30,30,Low
6/19/2023,NTC00191,Loyalty,M,Food & Drinks,Cash,No,2,50,100,High
6/20/2023,NTC00192,Non-loyalty,M,Food & Drinks,Cash,No,1,30,30,Low
6/20/2023,NTC00193,Loyalty,M,Food & Drinks,Cash,No,2,60,120,High
6/20/2023,NTC00194,Loyalty,M,Food & Drinks,Mobile Money,Yes,1,5,5,Low
6/21/2023,NTC00195,Loyalty,M,Online support services,Cash,Yes,1,200,200,High
6/21/2023,NTC00196,Non-loyalty,F,Stationery & Office Supplies,Mobile Money,Yes,1,10,10,Low
6/21/2023,NTC00197,Loyalty,F,Food & Drinks,Mobile Money,No,1,50,50,Low
6/21/2023,NTC00198,Non-loyalty,F,Food & Drinks,Cash,Yes,4,5,20,Low
6/21/2023,NTC00199,Non-loyalty,M,Food & Drinks,Cash,No,1,5,5,Low
6/21/2023,NTC00200,Non-loyalty,M,Food & Drinks,Mobile Money,No,1,60,60,Low
6/22/2023,NTC00201,Loyalty,M,Cyber services,Mobile Money,No,1,50,50,Low
6/22/2023,NTC00202,Loyalty,F,Cyber services,Cash,Yes,39,10,390,High
6/22/2023,NTC00203,Loyalty,M,Online support services,Cash,No,2,20,40,Low
6/22/2023,NTC00204,Non-loyalty,M,Mobile airtime top-up,Cash,No,2,50,100,High
6/22/2023,NTC00205,Non-loyalty,F,Food & Drinks,Mobile Money,No,1,5,5,Low
6/22/2023,NTC00206,Loyalty,M,Food & Drinks,Mobile Money,No,1,50,50,Low
6/22/2023,NTC00207,Non-loyalty,F,Food & Drinks,Cash,Yes,2,50,100,High
6/22/2023,NTC00208,Loyalty,F,Food & Drinks,Mobile Money,Yes,1,50,50,Low
6/22/2023,NTC00209,Loyalty,F,Online support services,Mobile Money,Yes,1,150,150,High
6/22/2023,NTC00210,Non-loyalty,M,Food & Drinks,Cash,No,1,60,60,Low
6/22/2023,NTC00211,Loyalty,M,Stationery & Office Supplies,Cash,Yes,2,10,20,Low
6/23/2023,NTC00212,Non-loyalty,M,Cyber services,Mobile Money,Yes,1,5,5,Low
6/23/2023,NTC00213,Loyalty,M,Online support services,Mobile Money,No,1,20,20,Low
6/23/2023,NTC00214,Loyalty,M,Online support services,Cash,No,1,30,30,Low
6/23/2023,NTC00215,Non-loyalty,M,Cyber services,Cash,No,1,20,20,Low
6/23/2023,NTC00216,Loyalty,M,Cyber services,Cash,No,1,10,10,Low
6/23/2023,NTC00217,Loyalty,F,Stationery & Office Supplies,Cash,No,1,10,10,Low
6/23/2023,NTC00218,Loyalty,M,Food & Drinks,Cash,No,1,5,5,Low
6/23/2023,NTC00219,Loyalty,F,Food & Drinks,Mobile Money,No,1,60,60,Low
6/26/2023,NTC00220,Loyalty,M,Food & Drinks,Mobile Money,No,2,60,120,High
6/26/2023,NTC00221,Loyalty,M,Cyber services,Mobile Money,Yes,12,10,120,High
6/26/2023,NTC00222,Non-loyalty,M,Cyber services,Mobile Money,Yes,10,5,50,Low
6/26/2023,NTC00223,Loyalty,F,Mobile airtime top-up,Cash,Yes,1,20,20,Low
6/26/2023,NTC00224,Non-loyalty,F,Cyber services,Cash,Yes,1,10,10,Low
6/28/2023,NTC00225,Non-loyalty,F,Cyber services,Cash,No,1,10,10,Low
6/28/2023,NTC00226,Loyalty,F,Cyber services,Mobile Money,No,8,5,40,Low
6/28/2023,NTC00227,Non-loyalty,M,Online support services,Mobile Money,Yes,1,50,50,Low
6/28/2023,NTC00228,Loyalty,F,Food & Drinks,Mobile Money,Yes,1,5,5,Low
6/28/2023,NTC00229,Non-loyalty,M,Online support services,Cash,No,1,70,70,Low
6/28/2023,NTC00230,Loyalty,M,Cyber services,Mobile Money,No,7,20,140,High
6/28/2023,NTC00231,Loyalty,F,Cyber services,Cash,Yes,1,60,60,Low
6/29/2023,NTC00232,Non-loyalty,F,Cyber services,Cash,No,1,25,25,Low
6/30/2023,NTC00233,Loyalty,F,Online support services,Cash,No,2,50,100,High
6/30/2023,NTC00234,Non-loyalty,F,Stationery & Office Supplies,Cash,Yes,1,10,10,Low
6/30/2023,NTC00235,Loyalty,F,Mobile airtime top-up,Cash,No,1,10,10,Low
6/30/2023,NTC00236,Loyalty,F,Mobile airtime top-up,Cash,Yes,1,50,50,Low
6/30/2023,NTC00237,Non-loyalty,F,Stationery & Office Supplies,Mobile Money,No,1,120,120,High
6/30/2023,NTC00238,Non-loyalty,F,Online support services,Cash,Yes,1,70,70,Low
6/30/2023,NTC00239,Non-loyalty,M,Cyber services,Cash,No,2,20,40,Low
6/30/2023,NTC00240,Loyalty,F,Food & Drinks,Mobile Money,Yes,1,50,50,Low
6/30/2023,NTC00241,Loyalty,F,Food & Drinks,Cash,No,1,50,50,Low
6/30/2023,NTC00242,Non-loyalty,M,Food & Drinks,Mobile Money,No,1,50,50,Low
6/30/2023,NTC00243,Non-loyalty,F,Food & Drinks,Mobile Money,Yes,1,30,30,Low
7/3/2023,NTC00244,Non-loyalty,M,Cyber services,Mobile Money,No,3,10,30,Low
7/3/2023,NTC00245,Non-loyalty,M,Cyber services,Cash,No,5,5,25,Low
7/3/2023,NTC00246,Non-loyalty,F,Cyber services,Cash,No,6,10,60,Low
7/3/2023,NTC00247,Loyalty,M,Cyber services,Mobile Money,No,1,20,20,Low
7/3/2023,NTC00248,Loyalty,M,Stationery & Office Supplies,Cash,Yes,2,40,80,Low
7/3/2023,NTC00249,Non-loyalty,M,Stationery & Office Supplies,Cash,No,1,80,80,Low
7/3/2023,NTC00250,Loyalty,M,Stationery & Office Supplies,Mobile Money,Yes,2,60,120,High
7/3/2023,NTC00251,Loyalty,F,Cyber services,Mobile Money,Yes,1,50,50,Low
7/3/2023,NTC00252,Loyalty,M,Mobile airtime top-up,Cash,No,1,10,10,Low
7/3/2023,NTC00253,Loyalty,F,Mobile airtime top-up,Mobile Money,Yes,1,20,20,Low
7/3/2023,NTC00254,Non-loyalty,M,Food & Drinks,Mobile Money,Yes,4,60,240,High
7/3/2023,NTC00255,Loyalty,M,Food & Drinks,Mobile Money,No,1,40,40,Low
7/4/2023,NTC00256,Non-loyalty,M,Cyber services,Cash,No,6,5,30,Low
7/4/2023,NTC00257,Loyalty,M,Stationery & Office Supplies,Cash,No,1,5,5,Low
7/4/2023,NTC00258,Non-loyalty,F,Cyber services,Cash,Yes,5,10,50,Low
7/4/2023,NTC00259,Non-loyalty,F,Online support services,Mobile Money,No,1,50,50,Low
7/4/2023,NTC00260,Non-loyalty,M,Mobile airtime top-up,Cash,Yes,1,50,50,Low
7/4/2023,NTC00261,Non-loyalty,M,Food & Drinks,Mobile Money,No,1,50,50,Low
7/5/2023,NTC00262,Loyalty,F,Online support services,Cash,Yes,1,50,50,Low
7/5/2023,NTC00263,Non-loyalty,M,Mobile airtime top-up,Cash,No,1,20,20,Low
7/5/2023,NTC00264,Loyalty,M,Mobile airtime top-up,Mobile Money,No,1,50,50,Low
7/5/2023,NTC00265,Loyalty,M,Food & Drinks,Cash,Yes,1,50,50,Low
7/5/2023,NTC00266,Non-loyalty,F,Mobile airtime top-up,Mobile Money,No,1,50,50,Low
7/5/2023,NTC00267,Loyalty,F,Online support services,Cash,No,1,20,20,Low
7/5/2023,NTC00268,Loyalty,F,Cyber services,Cash,No,1,70,70,Low
7/5/2023,NTC00269,Non-loyalty,M,Food & Drinks,Mobile Money,No,3,50,150,High
7/5/2023,NTC00270,Loyalty,M,Food & Drinks,Mobile Money,Yes,1,50,50,Low
7/5/2023,NTC00271,Non-loyalty,F,Online support services,Mobile Money,No,16,5,80,Low
7/8/2023,NTC00272,Non-loyalty,F,Mobile airtime top-up,Cash,Yes,1,100,100,High
7/10/2023,NTC00273,Non-loyalty,F,Cyber services,Cash,Yes,7,5,35,Low
7/10/2023,NTC00274,Loyalty,F,Cyber services,Cash,Yes,1,10,10,Low
7/10/2023,NTC00275,Loyalty,M,Food & Drinks,Mobile Money,Yes,1,50,50,Low
7/10/2023,NTC00276,Loyalty,F,Mobile airtime top-up,Mobile Money,No,2,20,40,Low
7/10/2023,NTC00277,Loyalty,M,Mobile airtime top-up,Mobile Money,Yes,1,10,10,Low
7/10/2023,NTC00278,Non-loyalty,F,Food & Drinks,Cash,Yes,1,40,40,Low
7/11/2023,NTC00279,Loyalty,M,Cyber services,Cash,Yes,6,5,30,Low
7/11/2023,NTC00280,Loyalty,F,Cyber services,Mobile Money,No,1,2,2,Low
7/11/2023,NTC00281,Loyalty,F,Food & Drinks,Cash,Yes,3,5,15,Low
7/11/2023,NTC00282,Non-loyalty,F,Food & Drinks,Mobile Money,No,1,80,80,Low
7/13/2023,NTC00283,Loyalty,F,Cyber services,Cash,Yes,1,10,10,Low
7/13/2023,NTC00284,Non-loyalty,M,Cyber services,Cash,No,4,5,20,Low
7/13/2023,NTC00285,Loyalty,F,Stationery & Office Supplies,Mobile Money,Yes,2,10,20,Low
7/13/2023,NTC00286,Loyalty,M,Cyber services,Cash,No,2,50,100,High
7/13/2023,NTC00287,Loyalty,M,Stationery & Office Supplies,Cash,Yes,2,30,60,Low
7/13/2023,NTC00288,Loyalty,M,Food & Drinks,Mobile Money,No,1,30,30,Low
7/13/2023,NTC00289,Loyalty,M,Stationery & Office Supplies,Mobile Money,No,1,50,50,Low
7/14/2023,NTC00290,Non-loyalty,F,Cyber services,Cash,No,3,10,30,Low
7/14/2023,NTC00291,Non-loyalty,M,Stationery & Office Supplies,Mobile Money,No,3,10,30,Low
7/14/2023,NTC00292,Loyalty,M,Cyber services,Cash,Yes,2,5,10,Low
7/14/2023,NTC00293,Loyalty,M,Food & Drinks,Mobile Money,Yes,1,70,70,Low
7/14/2023,NTC00294,Non-loyalty,F,Food & Drinks,Cash,Yes,4,5,20,Low
7/14/2023,NTC00295,Loyalty,F,Cyber services,Cash,No,2,10,20,Low
7/14/2023,NTC00296,Loyalty,F,Cyber services,Mobile Money,No,1,30,30,Low
7/14/2023,NTC00297,Non-loyalty,F,Cyber services,Cash,No,1,20,20,Low
7/14/2023,NTC00298,Non-loyalty,M,Cyber services,Cash,Yes,1,50,50,Low
7/14/2023,NTC00299,Loyalty,M,Food & Drinks,Mobile Money,No,1,50,50,Low
7/14/2023,NTC00300,Loyalty,F,Cyber services,Mobile Money,No,1,20,20,Low
7/14/2023,NTC00301,Loyalty,M,Online support services,Cash,No,1,50,50,Low
7/14/2023,NTC00302,Loyalty,M,Food & Drinks,Mobile Money,Yes,3,60,180,High
7/17/2023,NTC00303,Loyalty,M,Cyber services,Mobile Money,No,1,20,20,Low
7/17/2023,NTC00304,Loyalty,F,Cyber services,Cash,No,1,70,70,Low
7/17/2023,NTC00305,Non-loyalty,F,Cyber services,Cash,No,1,5,5,Low
7/17/2023,NTC00306,Non-loyalty,M,Cyber services,Mobile Money,Yes,1,10,10,Low
7/17/2023,NTC00307,Loyalty,F,Mobile airtime top-up,Mobile Money,No,1,50,50,Low
7/17/2023,NTC00308,Non-loyalty,F,Food & Drinks,Mobile Money,Yes,1,50,50,Low
7/17/2023,NTC00309,Non-loyalty,F,Online support services,Cash,Yes,1,50,50,Low
7/18/2023,NTC00310,Loyalty,F,Stationery & Office Supplies,Cash,No,3,30,90,High
7/18/2023,NTC00311,Non-loyalty,F,Food & Drinks,Cash,No,2,5,10,Low
7/18/2023,NTC00312,Loyalty,M,Mobile airtime top-up,Cash,Yes,1,20,20,Low
7/18/2023,NTC00313,Loyalty,F,Stationery & Office Supplies,Cash,Yes,1,120,120,High
7/18/2023,NTC00314,Loyalty,M,Food & Drinks,Cash,No,1,50,50,Low
7/18/2023,NTC00315,Loyalty,M,Food & Drinks,Cash,Yes,2,5,10,Low
7/20/2023,NTC00316,Loyalty,F,Stationery & Office Supplies,Mobile Money,No,9,50,450,High
7/20/2023,NTC00317,Loyalty,M,Stationery & Office Supplies,Mobile Money,No,5,30,150,High
7/20/2023,NTC00318,Loyalty,M,Cyber services,Cash,No,9,20,180,High
7/22/2023,NTC00319,Loyalty,M,Stationery & Office Supplies,Cash,Yes,2,10,20,Low
7/22/2023,NTC00320,Loyalty,F,Online support services,Cash,Yes,20,5,100,High
7/22/2023,NTC00321,Loyalty,F,Mobile airtime top-up,Mobile Money,No,1,10,10,Low
7/22/2023,NTC00322,Non-loyalty,M,Stationery & Office Supplies,Cash,Yes,2,10,20,Low
7/22/2023,NTC00323,Non-loyalty,F,Mobile airtime top-up,Mobile Money,Yes,1,10,10,Low
7/22/2023,NTC00324,Loyalty,F,Food & Drinks,Mobile Money,Yes,1,60,60,Low
7/22/2023,NTC00325,Loyalty,F,Cyber services,Mobile Money,No,2,5,10,Low
7/22/2023,NTC00326,Loyalty,F,Mobile airtime top-up,Mobile Money,Yes,1,50,50,Low
7/22/2023,NTC00327,Loyalty,M,Cyber services,Mobile Money,No,2,20,40,Low
7/22/2023,NTC00328,Loyalty,M,Online support services,Cash,Yes,1,120,120,High
7/22/2023,NTC00329,Loyalty,F,Cyber services,Cash,Yes,1,40,40,Low
7/24/2023,NTC00330,Loyalty,F,Cyber services,Mobile Money,No,1,10,10,Low
7/24/2023,NTC00331,Loyalty,M,Cyber services,Cash,No,17,5,85,Low
7/24/2023,NTC00332,Non-loyalty,M,Stationery & Office Supplies,Mobile Money,Yes,1,10,10,Low
7/24/2023,NTC00333,Loyalty,F,Cyber services,Mobile Money,Yes,2,10,20,Low
7/24/2023,NTC00334,Non-loyalty,M,Online support services,Cash,Yes,1,150,150,High
7/24/2023,NTC00335,Loyalty,F,Mobile airtime top-up,Cash,Yes,1,10,10,Low
7/25/2023,NTC00336,Loyalty,F,Cyber services,Cash,Yes,2,10,20,Low
7/25/2023,NTC00337,Loyalty,M,Stationery & Office Supplies,Cash,No,1,10,10,Low
7/25/2023,NTC00338,Non-loyalty,M,Cyber services,Cash,Yes,1,70,70,Low
7/25/2023,NTC00339,Loyalty,F,Food & Drinks,Mobile Money,No,4,5,20,Low
7/25/2023,NTC00340,Loyalty,F,Stationery & Office Supplies,Cash,No,1,10,10,Low
7/25/2023,NTC00341,Loyalty,M,Cyber services,Cash,Yes,1,200,200,High
7/25/2023,NTC00342,Loyalty,F,Mobile airtime top-up,Cash,Yes,1,10,10,Low
7/26/2023,NTC00343,Non-loyalty,M,Mobile airtime top-up,Mobile Money,Yes,1,50,50,Low
7/26/2023,NTC00344,Non-loyalty,F,Mobile airtime top-up,Cash,Yes,1,40,40,Low
7/26/2023,NTC00345,Loyalty,M,Cyber services,Mobile Money,Yes,2,50,100,High
7/26/2023,NTC00346,Loyalty,M,Cyber services,Cash,Yes,3,10,30,Low
7/26/2023,NTC00347,Loyalty,M,Food & Drinks,Cash,No,2,5,10,Low
7/26/2023,NTC00348,Non-loyalty,F,Food & Drinks,Mobile Money,No,1,60,60,Low
7/26/2023,NTC00349,Loyalty,F,Food & Drinks,Cash,No,1,50,50,Low
7/27/2023,NTC00350,Non-loyalty,M,Cyber services,Cash,Yes,22,5,110,High
7/27/2023,NTC00351,Loyalty,F,Cyber services,Mobile Money,Yes,1,10,10,Low
7/27/2023,NTC00352,Non-loyalty,M,Stationery & Office Supplies,Cash,No,1,10,10,Low
7/27/2023,NTC00353,Non-loyalty,M,Cyber services,Mobile Money,No,1,20,20,Low
7/27/2023,NTC00354,Loyalty,F,Mobile airtime top-up,Mobile Money,No,1,20,20,Low
7/27/2023,NTC00355,Loyalty,F,Food & Drinks,Mobile Money,Yes,1,50,50,Low
7/27/2023,NTC00356,Non-loyalty,M,Food & Drinks,Mobile Money,Yes,4,50,200,High
7/27/2023,NTC00357,Non-loyalty,F,Food & Drinks,Mobile Money,Yes,4,5,20,Low
7/28/2023,NTC00358,Loyalty,F,Stationery & Office Supplies,Cash,Yes,2,60,120,High
7/28/2023,NTC00359,Loyalty,M,Cyber services,Cash,Yes,1,50,50,Low
7/28/2023,NTC00360,Non-loyalty,M,Cyber services,Cash,No,2,10,20,Low
7/29/2023,NTC00361,Loyalty,F,Food & Drinks,Mobile Money,No,1,60,60,Low
7/29/2023,NTC00362,Non-loyalty,M,Cyber services,Mobile Money,No,2,5,10,Low
7/29/2023,NTC00363,Loyalty,M,Cyber services,Mobile Money,Yes,2,10,20,Low
7/29/2923,NTC00364,Loyalty,F,Cyber services,Mobile Money,Yes,2,10,20,Low
7/29/2023,NTC00365,Loyalty,M,Cyber services,Cash,No,2,5,10,Low
7/31/2023,NTC00366,Loyalty,M,Cyber services,Cash,Yes,14,10,140,High
7/31/2023,NTC00367,Loyalty,F,Cyber services,Mobile Money,Yes,5,10,50,Low
7/31/2023,NTC00368,Non-loyalty,F,Mobile airtime top-up,Mobile Money,Yes,1,50,50,Low
7/31/2023,NTC00369,Non-loyalty,M,Stationery & Office Supplies,Cash,Yes,2,10,20,Low
7/31/2023,NTC00370,Loyalty,M,Cyber services,Mobile Money,Yes,6,5,30,Low
7/31/2023,NTC00371,Loyalty,F,Cyber services,Mobile Money,No,1,70,70,Low
7/31/2023,NTC00372,Loyalty,F,Food & Drinks,Mobile Money,Yes,4,50,200,High
7/31/2023,NTC00373,Non-loyalty,F,Stationery & Office Supplies,Cash,No,1,30,30,Low
7/31/2023,NTC00374,Loyalty,F,Stationery & Office Supplies,Cash,No,1,10,10,Low
7/31/2023,NTC00375,Loyalty,M,Cyber services,Mobile Money,No,1,20,20,Low
7/31/2023,NTC00376,Loyalty,F,Mobile Accessories,Cash,Yes,1,200,200,High
7/31/2023,NTC00377,Loyalty,F,Stationery & Office Supplies,Mobile Money,No,1,30,30,Low
7/31/2023,NTC00378,Loyalty,M,Food & Drinks,Mobile Money,No,7,60,420,High
7/31/2023,NTC00379,Loyalty,F,Food & Drinks,Cash,No,1,500,500,High
7/31/2023,NTC00380,Loyalty,M,Online support services,Mobile Money,Yes,1,50,50,Low
7/31/2023,NTC00381,Loyalty,F,Online support services,Mobile Money,Yes,1,20,20,Low
8/1/2023,NTC00382,Loyalty,F,Cyber services,Cash,No,34,5,170,High
8/1/2023,NTC00383,Loyalty,F,Cyber services,Mobile Money,No,8,20,160,High
8/1/2023,NTC00384,Non-loyalty,M,Cyber services,Mobile Money,Yes,2,80,160,High
8/1/2023,NTC00385,Non-loyalty,M,Cyber services,Mobile Money,No,2,50,100,High
8/1/2023,NTC00386,Non-loyalty,F,Cyber services,Cash,No,5,10,50,Low
8/1/2023,NTC00387,Non-loyalty,M,Stationery & Office Supplies,Mobile Money,Yes,1,30,30,Low
8/1/2023,NTC00388,Loyalty,M,Stationery & Office Supplies,Cash,No,1,2,2,Low
8/1/2023,NTC00389,Loyalty,M,Stationery & Office Supplies,Mobile Money,Yes,1,50,50,Low
8/1/2023,NTC00390,Loyalty,M,Mobile airtime top-up,Mobile Money,No,1,10,10,Low
8/1/2023,NTC00391,Loyalty,M,Online support services,Mobile Money,Yes,1,20,20,Low
8/1/2023,NTC00392,Non-loyalty,M,Food & Drinks,Mobile Money,No,3,5,15,Low
8/1/2023,NTC00393,Non-loyalty,F,Stationery & Office Supplies,Cash,Yes,4,10,40,Low
8/1/2023,NTC00394,Loyalty,F,Food & Drinks,Cash,No,1,50,50,Low
8/1/2023,NTC00395,Non-loyalty,M,Cyber services,Mobile Money,No,2,50,100,High
8/2/2023,NTC00396,Loyalty,F,Stationery & Office Supplies,Mobile Money,No,1,30,30,Low
8/2/2023,NTC00397,Loyalty,F,Stationery & Office Supplies,Mobile Money,Yes,43,5,215,High
8/2/2023,NTC00398,Loyalty,F,Cyber services,Mobile Money,Yes,1,150,150,High
8/2/2023,NTC00399,Loyalty,F,Cyber services,Mobile Money,Yes,2,20,40,Low
8/2/2023,NTC00400,Loyalty,M,Cyber services,Mobile Money,No,2,20,40,Low
8/2/2023,NTC00401,Loyalty,F,Stationery & Office Supplies,Mobile Money,No,1,25,25,Low
8/2/2023,NTC00402,Loyalty,F,Stationery & Office Supplies,Mobile Money,Yes,1,10,10,Low
8/2/2023,NTC00403,Non-loyalty,M,Food & Drinks,Cash,Yes,1,50,50,Low
8/2/2023,NTC00404,Loyalty,M,Cyber services,Cash,No,1,30,30,Low
8/2/2023,NTC00405,Loyalty,F,Food & Drinks,Cash,No,1,50,50,Low
8/2/2023,NTC00406,Non-loyalty,F,Food & Drinks,Mobile Money,No,1,50,50,Low
8/2/2023,NTC00407,Non-loyalty,F,Cyber services,Mobile Money,Yes,3,10,30,Low
8/3/2023,NTC00408,Non-loyalty,F,Food & Drinks,Mobile Money,No,1,50,50,Low
8/3/2023,NTC00409,Loyalty,F,Cyber services,Cash,Yes,24,5,120,High
8/3/2023,NTC00410,Loyalty,F,Stationery & Office Supplies,Mobile Money,No,1,10,10,Low
8/3/2023,NTC00411,Loyalty,M,Cyber services,Cash,Yes,1,10,10,Low
8/3/2023,NTC00412,Non-loyalty,F,Cyber services,Mobile Money,Yes,1,10,10,Low
8/3/2023,NTC00413,Loyalty,F,Mobile airtime top-up,Cash,No,1,20,20,Low
8/3/2023,NTC00414,Non-loyalty,M,Stationery & Office Supplies,Cash,No,1,5,5,Low
8/3/2023,NTC00415,Loyalty,M,Stationery & Office Supplies,Cash,Yes,1,25,25,Low
8/3/2023,NTC00416,Loyalty,M,Food & Drinks,Mobile Money,No,2,5,10,Low
8/3/2023,NTC00417,Loyalty,M,Food & Drinks,Cash,Yes,1,30,30,Low
8/3/2023,NTC00418,Loyalty,F,Cyber services,Mobile Money,Yes,1,80,80,Low
8/3/2023,NTC00419,Loyalty,F,Stationery & Office Supplies,Mobile Money,No,1,50,50,Low
8/3/2023,NTC00420,Loyalty,F,Online support services,Mobile Money,No,1,20,20,Low
8/4/2023,NTC00421,Loyalty,F,Mobile airtime top-up,Mobile Money,No,1,50,50,Low
8/4/2023,NTC00422,Loyalty,F,Mobile airtime top-up,Mobile Money,Yes,1,10,10,Low
8/4/2023,NTC00423,Loyalty,F,Food & Drinks,Cash,Yes,2,5,10,Low
8/4/2023,NTC00424,Loyalty,M,Food & Drinks,Mobile Money,No,1,50,50,Low
8/4/2023,NTC00425,Loyalty,F,Stationery & Office Supplies,Mobile Money,Yes,1,50,50,Low
8/4/2023,NTC00426,Loyalty,M,Food & Drinks,Mobile Money,Yes,2,50,100,High
8/4/2023,NTC00427,Loyalty,M,Cyber services,Mobile Money,Yes,1,10,10,Low
8/5/2023,NTC00428,Loyalty,F,Food & Drinks,Mobile Money,No,2,60,120,High
8/5/2023,NTC00429,Loyalty,M,Mobile airtime top-up,Cash,No,1,160,160,High
8/5/2023,NTC00430,Loyalty,F,Food & Drinks,Cash,No,2,5,10,Low
8/5/2023,NTC00431,Loyalty,M,Mobile airtime top-up,Mobile Money,Yes,1,50,50,Low
8/5/2023,NTC00432,Loyalty,F,Food & Drinks,Cash,Yes,1,50,50,Low
8/5/2023,NTC00433,Loyalty,M,Cyber services,Cash,No,1,80,80,Low
8/5/2023,NTC00434,Loyalty,F,Stationery & Office Supplies,Mobile Money,No,1,30,30,Low
8/5/2023,NTC00435,Loyalty,F,Cyber services,Cash,Yes,7,10,70,Low
8/5/2023,NTC00436,Non-loyalty,F,Cyber services,Mobile Money,No,13,5,65,Low
8/6/2023,NTC00437,Loyalty,F,Mobile airtime top-up,Cash,No,1,10,10,Low
8/7/2023,NTC00438,Non-loyalty,F,Food & Drinks,Cash,Yes,1,30,30,Low
8/7/2023,NTC00439,Loyalty,M,Cyber services,Cash,No,1,30,30,Low
8/7/2023,NTC00440,Loyalty,M,Cyber services,Mobile Money,Yes,1,10,10,Low
8/7/2023,NTC00441,Loyalty,M,Cyber services,Cash,Yes,8,5,40,Low
8/7/2023,NTC00442,Loyalty,F,Cyber services,Cash,No,1,70,70,Low
8/7/2023,NTC00443,Loyalty,M,Cyber services,Mobile Money,Yes,36,10,360,High
8/7/2023,NTC00444,Loyalty,F,Cyber services,Mobile Money,No,1,10,10,Low
8/7/2023,NTC00445,Loyalty,F,Food & Drinks,Cash,No,1,50,50,Low
8/7/2023,NTC00446,Non-loyalty,M,Food & Drinks,Mobile Money,No,1,50,50,Low
8/7/2023,NTC00447,Loyalty,M,Food & Drinks,Cash,Yes,1,1650,1650,High
8/8/2023,NTC00448,Loyalty,F,Cyber services,Cash,No,3,10,30,Low
8/8/2023,NTC00449,Non-loyalty,M,Cyber services,Mobile Money,No,2,50,100,High
8/8/2023,NTC00450,Non-loyalty,F,Food & Drinks,Mobile Money,Yes,1,70,70,Low
8/8/2023,NTC00451,Non-loyalty,F,Food & Drinks,Mobile Money,No,2,5,10,Low
8/8/2023,NTC00452,Non-loyalty,F,Cyber services,Cash,No,32,5,160,High
8/8/2023,NTC00453,Loyalty,F,Stationery & Office Supplies,Mobile Money,Yes,4,3,12,Low
8/8/2023,NTC00454,Loyalty,F,Cyber services,Cash,Yes,2,10,20,Low
8/8/2023,NTC00455,Loyalty,M,Online support services,Mobile Money,Yes,1,50,50,Low
8/8/2023,NTC00456,Loyalty,M,Food & Drinks,Cash,No,1,70,70,Low
8/8/2023,NTC00457,Loyalty,F,Food & Drinks,Mobile Money,No,1,30,30,Low
8/8/2023,NTC00458,Non-loyalty,F,Cyber services,Cash,Yes,1,50,50,Low
8/8/2023,NTC00459,Loyalty,M,Online support services,Mobile Money,Yes,1,20,20,Low
8/8/2023,NTC00460,Non-loyalty,M,Food & Drinks,Cash,Yes,1,10,10,Low
8/8/2023,NTC00461,Loyalty,F,Food & Drinks,Mobile Money,No,1,50,50,Low
8/9/2023,NTC00462,Loyalty,M,Stationery & Office Supplies,Mobile Money,Yes,3,10,30,Low
8/9/2023,NTC00463,Non-loyalty,F,Cyber services,Cash,Yes,1,20,20,Low
8/9/2023,NTC00464,Non-loyalty,M,Stationery & Office Supplies,Mobile Money,Yes,1,5,5,Low
8/9/2023,NTC00465,Loyalty,F,Cyber services,Cash,Yes,6,5,30,Low
8/9/2023,NTC00466,Loyalty,M,Cyber services,Cash,Yes,1,10,10,Low
8/9/2023,NTC00467,Loyalty,F,Online support services,Mobile Money,Yes,1,150,150,High
8/9/2023,NTC00468,Non-loyalty,M,Food & Drinks,Cash,Yes,1,30,30,Low
8/9/2023,NTC00469,Loyalty,M,Mobile airtime top-up,Mobile Money,No,1,20,20,Low
8/9/2023,NTC00470,Non-loyalty,F,Cyber services,Mobile Money,No,3,20,60,Low
8/9/2023,NTC00471,Loyalty,M,Stationery & Office Supplies,Cash,Yes,1,10,10,Low
8/10/2023,NTC00472,Non-loyalty,F,Stationery & Office Supplies,Mobile Money,Yes,2,10,20,Low
8/10/2023,NTC00473,Non-loyalty,M,Cyber services,Cash,No,49,10,490,High
8/10/2023,NTC00474,Loyalty,F,Mobile airtime top-up,Cash,No,1,30,30,Low
8/10/2023,NTC00475,Loyalty,M,Cyber services,Mobile Money,Yes,2,10,20,Low
8/10/2023,NTC00476,Non-loyalty,F,Cyber services,Mobile Money,Yes,2,5,10,Low
8/10/2023,NTC00477,Non-loyalty,M,Stationery & Office Supplies,Cash,Yes,2,3,6,Low
8/10/2023,NTC00478,Loyalty,F,Cyber services,Cash,Yes,1,10,10,Low
8/10/2023,NTC00479,Loyalty,M,Online support services,Mobile Money,Yes,1,100,100,High
8/10/2023,NTC00480,Loyalty,F,Mobile airtime top-up,Mobile Money,No,1,20,20,Low
8/10/2023,NTC00481,Non-loyalty,F,Mobile airtime top-up,Mobile Money,No,2,20,40,Low
8/10/2023,NTC00482,Loyalty,F,Food & Drinks,Mobile Money,No,4,50,200,High
8/11/2023,NTC00483,Non-loyalty,M,Cyber services,Cash,Yes,1,10,10,Low
8/11/2023,NTC00484,Loyalty,F,Cyber services,Mobile Money,No,6,5,30,Low
8/11/2023,NTC00485,Loyalty,M,Food & Drinks,Cash,No,8,5,40,Low
8/11/2023,NTC00486,Non-loyalty,F,Food & Drinks,Cash,No,1,40,40,Low
8/11/2023,NTC00487,Loyalty,M,Cyber services,Mobile Money,No,17,10,170,High
8/11/2023,NTC00488,Loyalty,F,Cyber services,Cash,No,1,50,50,Low
8/11/2023,NTC00489,Loyalty,M,Cyber services,Mobile Money,Yes,2,50,100,High
8/11/2023,NTC00490,Loyalty,M,Food & Drinks,Cash,Yes,1,50,50,Low
8/12/2023,NTC00491,Non-loyalty,F,Cyber services,Mobile Money,Yes,1,40,40,Low
8/12/2023,NTC00492,Non-loyalty,M,Cyber services,Cash,Yes,1,10,10,Low
8/12/2023,NTC00493,Loyalty,M,Cyber services,Cash,Yes,4,50,200,High
8/12/2023,NTC00494,Non-loyalty,F,Cyber services,Mobile Money,No,2,10,20,Low
8/14/2023,NTC00495,Non-loyalty,M,Mobile airtime top-up,Mobile Money,No,3,20,60,Low
8/14/2023,NTC00496,Non-loyalty,M,Mobile airtime top-up,Cash,Yes,1,50,50,Low
8/14/2023,NTC00497,Loyalty,M,Cyber services,Cash,Yes,1,150,150,High
8/14/2023,NTC00498,Loyalty,F,Cyber services,Mobile Money,Yes,21,5,105,High
8/14/2023,NTC00499,Non-loyalty,M,Cyber services,Cash,No,59,10,590,High
8/14/2023,NTC00500,Loyalty,F,Cyber services,Mobile Money,Yes,6,20,120,High
8/14/2023,NTC00501,Loyalty,M,Cyber services,Cash,Yes,1,50,50,Low
8/14/2023,NTC00502,Loyalty,M,Cyber services,Mobile Money,No,1,30,30,Low
8/14/2023,NTC00503,Non-loyalty,M,Online support services,Cash,No,1,350,350,High
8/14/2023,NTC00504,Non-loyalty,F,Cyber services,Mobile Money,Yes,1,80,80,Low
8/14/2023,NTC00505,Loyalty,M,Mobile airtime top-up,Mobile Money,Yes,1,10,10,Low
8/14/2023,NTC00506,Loyalty,M,Stationery & Office Supplies,Cash,Yes,4,10,40,Low
8/14/2023,NTC00507,Loyalty,F,Stationery & Office Supplies,Mobile Money,No,1,50,50,Low
8/14/2023,NTC00508,Loyalty,M,Mobile Accessories,Cash,Yes,1,80,80,Low
8/14/2023,NTC00509,Loyalty,F,Cyber services,Mobile Money,No,2,10,20,Low
8/14/2023,NTC00510,Non-loyalty,F,Food & Drinks,Mobile Money,No,2,80,160,High
8/15/2023,NTC00511,Loyalty,M,Stationery & Office Supplies,Mobile Money,No,2,10,20,Low
8/15/2023,NTC00512,Loyalty,F,Cyber services,Cash,Yes,16,5,80,Low
8/15/2023,NTC00513,Non-loyalty,M,Online support services,Mobile Money,No,1,150,150,High
8/15/2023,NTC00514,Loyalty,F,Stationery & Office Supplies,Cash,Yes,1,30,30,Low
8/15/2023,NTC00515,Non-loyalty,F,Stationery & Office Supplies,Mobile Money,No,1,10,10,Low
8/15/2023,NTC00516,Non-loyalty,M,Stationery & Office Supplies,Cash,Yes,4,3,12,Low
8/15/2023,NTC00517,Non-loyalty,F,Cyber services,Cash,Yes,1,80,80,Low
8/15/2023,NTC00518,Loyalty,F,Cyber services,Cash,No,1,20,20,Low
8/15/2023,NTC00519,Loyalty,F,Cyber services,Mobile Money,Yes,2,10,20,Low
8/15/2023,NTC00520,Loyalty,F,Cyber services,Cash,Yes,13,10,130,High
8/15/2023,NTC00521,Non-loyalty,F,Mobile airtime top-up,Mobile Money,No,1,10,10,Low
8/15/2023,NTC00522,Non-loyalty,M,Food & Drinks,Cash,No,3,50,150,High
8/15/2023,NTC00523,Loyalty,F,Online support services,Cash,Yes,1,200,200,High
8/15/2023,NTC00524,Loyalty,M,Cyber services,Cash,Yes,4,50,200,High
8/15/2023,NTC00525,Non-loyalty,F,Mobile airtime top-up,Cash,No,1,20,20,Low
8/15/2023,NTC00526,Loyalty,M,Mobile airtime top-up,Mobile Money,No,2,20,40,Low
8/15/2023,NTC00527,Loyalty,M,Food & Drinks,Cash,No,1,40,40,Low
8/15/2023,NTC00528,Non-loyalty,F,Online support services,Cash,No,1,20,20,Low
8/16/2023,NTC00529,Non-loyalty,F,Cyber services,Mobile Money,No,42,10,420,High
8/16/2023,NTC00530,Loyalty,F,Cyber services,Cash,Yes,1,5,5,Low
8/16/2023,NTC00531,Loyalty,M,Cyber services,Cash,Yes,2,10,20,Low
8/16/2023,NTC00532,Loyalty,F,Stationery & Office Supplies,Cash,No,3,10,30,Low
8/16/2023,NTC00533,Loyalty,M,Stationery & Office Supplies,Cash,Yes,20,3,60,Low
8/16/2023,NTC00534,Non-loyalty,M,Food & Drinks,Mobile Money,No,1,50,50,Low
8/16/2023,NTC00535,Loyalty,M,Food & Drinks,Mobile Money,No,1,40,40,Low
8/16/2023,NTC00536,Loyalty,F,Online support services,Cash,No,1,150,150,High
8/16/2023,NTC00537,Loyalty,F,Food & Drinks,Mobile Money,Yes,1,50,50,Low
8/16/2023,NTC00538,Loyalty,M,Food & Drinks,Mobile Money,Yes,1,80,80,Low
8/17/2023,NTC00539,Loyalty,M,Cyber services,Cash,No,2,10,20,Low
8/17/2023,NTC00540,Non-loyalty,F,Mobile airtime top-up,Mobile Money,Yes,1,10,10,Low
8/17/2023,NTC00541,Loyalty,M,Stationery & Office Supplies,Cash,No,1,10,10,Low
8/17/2023,NTC00542,Loyalty,F,Mobile airtime top-up,Mobile Money,Yes,1,20,20,Low
8/17/2023,NTC00543,Loyalty,M,Cyber services,Mobile Money,No,1,10,10,Low
8/17/2023,NTC00544,Loyalty,F,Food & Drinks,Mobile Money,No,6,50,300,High
8/17/2023,NTC00545,Loyalty,M,Food & Drinks,Cash,Yes,1,40,40,Low
8/17/2023,NTC00546,Loyalty,F,Cyber services,Mobile Money,No,2,20,40,Low
8/18/2023,NTC00547,Non-loyalty,M,Cyber services,Cash,Yes,42,5,210,High
8/18/2023,NTC00548,Loyalty,F,Food & Drinks,Cash,No,2,5,10,Low
8/18/2023,NTC00549,Loyalty,F,Online support services,Mobile Money,No,1,100,100,High
8/18/2023,NTC00550,Loyalty,M,Mobile airtime top-up,Cash,Yes,1,50,50,Low
8/18/2023,NTC00551,Non-loyalty,M,Cyber services,Mobile Money,No,2,10,20,Low
8/18/2023,NTC00552,Loyalty,F,Food & Drinks,Cash,Yes,1,110,110,High
8/18/2023,NTC00553,Loyalty,M,Stationery & Office Supplies,Cash,Yes,2,3,6,Low
8/18/2023,NTC00554,Loyalty,F,Stationery & Office Supplies,Mobile Money,Yes,1,10,10,Low
8/18/2023,NTC00555,Loyalty,M,Mobile airtime top-up,Mobile Money,Yes,2,20,40,Low
8/18/2023,NTC00556,Loyalty,F,Cyber services,Mobile Money,No,1,50,50,Low
8/18/2023,NTC00557,Non-loyalty,F,Cyber services,Mobile Money,No,1,20,20,Low
8/18/2023,NTC00558,Non-loyalty,F,Online support services,Cash,No,1,100,100,High
8/19/2023,NTC00559,Loyalty,F,Online support services,Cash,No,1,500,500,High
8/19/2023,NTC00560,Loyalty,F,Cyber services,Cash,Yes,30,10,300,High
8/19/2023,NTC00561,Loyalty,F,Cyber services,Mobile Money,Yes,1,10,10,Low
8/19/2023,NTC00562,Loyalty,M,Cyber services,Cash,No,1,5,5,Low
8/19/2023,NTC00563,Loyalty,M,Stationery & Office Supplies,Mobile Money,No,1,10,10,Low
8/19/2023,NTC00564,Non-loyalty,M,Mobile airtime top-up,Cash,No,1,20,20,Low
8/21/2023,NTC00565,Non-loyalty,F,Cyber services,Mobile Money,Yes,15,5,75,Low
8/21/2023,NTC00566,Loyalty,F,Cyber services,Cash,No,2,10,20,Low
8/21/2023,NTC00567,Loyalty,F,Cyber services,Cash,No,2,10,20,Low
8/21/2023,NTC00568,Non-loyalty,F,Stationery & Office Supplies,Mobile Money,No,1,10,10,Low
8/21/2023,NTC00569,Loyalty,M,Cyber services,Cash,Yes,1,50,50,Low
8/21/2023,NTC00570,Non-loyalty,M,Online support services,Mobile Money,No,1,20,20,Low
8/21/2023,NTC00571,Loyalty,F,Food & Drinks,Cash,No,1,80,80,Low
8/21/2023,NTC00572,Loyalty,M,Food & Drinks,Cash,Yes,2,5,10,Low
8/21/2023,NTC00573,Loyalty,M,Mobile airtime top-up,Mobile Money,Yes,3,20,60,Low
8/22/2023,NTC00574,Non-loyalty,F,Cyber services,Mobile Money,Yes,5,10,50,Low
8/22/2023,NTC00575,Loyalty,M,Cyber services,Cash,Yes,2,20,40,Low
8/22/2023,NTC00576,Loyalty,F,Cyber services,Cash,No,1,50,50,Low
8/22/2023,NTC00577,Loyalty,M,Cyber services,Cash,Yes,20,10,200,High
8/22/2023,NTC00578,Non-loyalty,F,Mobile airtime top-up,Cash,No,3,10,30,Low
8/22/2023,NTC00579,Non-loyalty,F,Cyber services,Cash,No,1,20,20,Low
8/22/2023,NTC00580,Non-loyalty,F,Online support services,Cash,No,14,5,70,Low
8/22/2023,NTC00581,Non-loyalty,F,Cyber services,Mobile Money,Yes,1,20,20,Low
8/22/2023,NTC00582,Non-loyalty,M,Food & Drinks,Mobile Money,Yes,5,5,25,Low
8/22/2023,NTC00583,Loyalty,F,Cyber services,Mobile Money,No,1,5,5,Low
8/22/2023,NTC00584,Non-loyalty,F,Stationery & Office Supplies,Cash,No,1,50,50,Low
8/22/2023,NTC00585,Non-loyalty,F,Food & Drinks,Cash,Yes,1,80,80,Low
8/22/2023,NTC00586,Loyalty,M,Mobile airtime top-up,Cash,No,1,20,20,Low
8/23/2023,NTC00587,Non-loyalty,F,Mobile airtime top-up,Mobile Money,No,1,20,20,Low
8/23/2023,NTC00588,Loyalty,M,Mobile airtime top-up,Mobile Money,Yes,1,10,10,Low
8/23/2023,NTC00589,Loyalty,F,Cyber services,Cash,Yes,2,20,40,Low
8/23/2023,NTC00590,Loyalty,M,Cyber services,Cash,Yes,2,10,20,Low
8/23/2023,NTC00591,Loyalty,M,Food & Drinks,Mobile Money,No,1,30,30,Low
8/23/2023,NTC00592,Loyalty,F,Food & Drinks,Mobile Money,No,1,50,50,Low
8/23/2023,NTC00593,Loyalty,M,Cyber services,Mobile Money,No,3,5,15,Low
8/23/2023,NTC00594,Non-loyalty,F,Cyber services,Cash,Yes,1,20,20,Low
8/23/2023,NTC00595,Loyalty,F,Cyber services,Cash,No,2,50,100,High
8/23/2023,NTC00596,Loyalty,F,Cyber services,Cash,No,1,80,80,Low
8/23/2023,NTC00597,Non-loyalty,M,Food & Drinks,Mobile Money,No,1,130,130,High
8/23/2023,NTC00598,Loyalty,M,Mobile airtime top-up,Mobile Money,Yes,1,50,50,Low
8/23/2023,NTC00599,Loyalty,F,Cyber services,Cash,No,1,10,10,Low
8/24/2023,NTC00600,Non-loyalty,F,Cyber services,Cash,No,20,5,100,High
8/24/2023,NTC00601,Non-loyalty,M,Cyber services,Mobile Money,No,1,5,5,Low
8/24/2023,NTC00602,Loyalty,F,Stationery & Office Supplies,Cash,Yes,12,3,36,Low
8/24/2023,NTC00603,Non-loyalty,F,Food & Drinks,Mobile Money,No,2,50,100,High
8/24/2023,NTC00604,Loyalty,F,Food & Drinks,Mobile Money,No,2,40,80,Low
8/25/2023,NTC00605,Non-loyalty,M,Cyber services,Cash,Yes,25,10,250,High
8/25/2023,NTC00606,Loyalty,M,Cyber services,Mobile Money,Yes,1,20,20,Low
8/25/2023,NTC00607,Non-loyalty,M,Food & Drinks,Cash,No,24,50,1200,High
8/25/2023,NTC00608,Loyalty,F,Mobile airtime top-up,Mobile Money,No,1,20,20,Low
8/25/2023,NTC00609,Loyalty,F,Stationery & Office Supplies,Mobile Money,Yes,1,10,10,Low
8/25/2023,NTC00610,Non-loyalty,F,Cyber services,Cash,Yes,1,10,10,Low
8/25/2023,NTC00611,Non-loyalty,M,Cyber services,Mobile Money,No,1,5,5,Low
8/25/2023,NTC00612,Non-loyalty,F,Food & Drinks,Cash,No,2,80,160,High
8/25/2023,NTC00613,Loyalty,F,Food & Drinks,Cash,No,1,80,80,Low
8/26/2023,NTC00614,Loyalty,F,Mobile airtime top-up,Mobile Money,No,1,50,50,Low
8/26/2023,NTC00615,Loyalty,F,Mobile airtime top-up,Cash,Yes,1,50,50,Low
8/26/2023,NTC00616,Loyalty,M,Stationery & Office Supplies,Cash,No,1,10,10,Low
8/26/2023,NTC00617,Loyalty,M,Food & Drinks,Cash,No,3,80,240,High
8/26/2023,NTC00618,Loyalty,F,Food & Drinks,Cash,No,4,5,20,Low
8/28/2023,NTC00619,Non-loyalty,M,Food & Drinks,Cash,No,6,5,30,Low
8/28/2023,NTC00620,Loyalty,M,Stationery & Office Supplies,Cash,No,1,50,50,Low
8/28/2023,NTC00621,Loyalty,F,Cyber services,Mobile Money,Yes,2,20,40,Low
8/28/2023,NTC00622,Non-loyalty,F,Cyber services,Cash,Yes,2,10,20,Low
8/28/2023,NTC00623,Loyalty,M,Cyber services,Mobile Money,Yes,22,5,110,High
8/28/2023,NTC00624,Non-loyalty,F,Cyber services,Mobile Money,No,13,10,130,High
8/28/2023,NTC00625,Non-loyalty,M,Stationery & Office Supplies,Cash,No,3,10,30,Low
8/28/2023,NTC00626,Non-loyalty,F,Online support services,Mobile Money,Yes,1,200,200,High
8/28/2023,NTC00627,Non-loyalty,M,Online support services,Mobile Money,No,1,50,50,Low
8/28/2023,NTC00628,Loyalty,F,Food & Drinks,Cash,Yes,4,50,200,High
8/28/2023,NTC00629,Loyalty,M,Food & Drinks,Cash,No,1,80,80,Low
8/28/2023,NTC00630,Loyalty,M,Mobile airtime top-up,Cash,Yes,1,20,20,Low
8/28/2023,NTC00631,Loyalty,M,Cyber services,Mobile Money,No,1,50,50,Low
8/29/2023,NTC00632,Loyalty,F,Stationery & Office Supplies,Mobile Money,Yes,1,10,10,Low
8/29/2023,NTC00633,Non-loyalty,M,Stationery & Office Supplies,Cash,Yes,1,10,10,Low
8/29/2023,NTC00634,Loyalty,M,Cyber services,Cash,Yes,3,10,30,Low
8/29/2023,NTC00635,Non-loyalty,F,Cyber services,Mobile Money,Yes,10,5,50,Low
8/29/2023,NTC00636,Loyalty,F,Cyber services,Mobile Money,Yes,2,10,20,Low
8/29/2023,NTC00637,Non-loyalty,M,Stationery & Office Supplies,Mobile Money,No,2,120,240,High
8/29/2023,NTC00638,Non-loyalty,M,Stationery & Office Supplies,Mobile Money,Yes,1,10,10,Low
8/29/2023,NTC00639,Non-loyalty,F,Food & Drinks,Cash,No,2,50,100,High
8/29/2023,NTC00640,Loyalty,F,Food & Drinks,Mobile Money,Yes,1,70,70,Low
8/29/2023,NTC00641,Loyalty,F,Stationery & Office Supplies,Mobile Money,Yes,1,40,40,Low
8/30/2023,NTC00642,Loyalty,F,Cyber services,Mobile Money,No,5,5,25,Low
8/30/2023,NTC00643,Loyalty,F,Cyber services,Mobile Money,No,5,10,50,Low
8/30/2023,NTC00644,Non-loyalty,M,Cyber services,Cash,No,29,10,290,High
8/30/2023,NTC00645,Loyalty,F,Cyber services,Cash,Yes,1,10,10,Low
8/30/2023,NTC00646,Loyalty,M,Mobile airtime top-up,Mobile Money,No,2,50,100,High
8/30/2023,NTC00647,Loyalty,M,Food & Drinks,Mobile Money,No,2,50,100,High
8/30/2023,NTC00648,Loyalty,M,Food & Drinks,Cash,No,1,80,80,Low
8/30/2023,NTC00649,Non-loyalty,F,Food & Drinks,Cash,Yes,4,5,20,Low
8/30/2023,NTC00650,Loyalty,M,Mobile airtime top-up,Mobile Money,No,2,20,40,Low
8/31/2023,NTC00651,Loyalty,M,Cyber services,Mobile Money,No,2,10,20,Low
8/31/2023,NTC00652,Loyalty,F,Food & Drinks,Cash,Yes,1,80,80,Low
8/31/2023,NTC00653,Loyalty,M,Stationery & Office Supplies,Cash,Yes,1,10,10,Low
8/31/2023,NTC00654,Loyalty,M,Cyber services,Cash,Yes,1,20,20,Low
9/1/2023,NTC00655,Loyalty,F,Cyber services,Cash,Yes,17,5,85,Low
9/1/2023,NTC00656,Loyalty,M,Cyber services,Cash,No,48,10,480,High
9/1/2023,NTC00657,Non-loyalty,M,Cyber services,Cash,No,1,80,80,Low
9/1/2023,NTC00658,Loyalty,M,Cyber services,Mobile Money,No,1,40,40,Low
9/1/2023,NTC00659,Loyalty,F,Cyber services,Cash,Yes,1,20,20,Low
9/1/2023,NTC00660,Loyalty,F,Cyber services,Cash,No,1,100,100,High
9/1/2023,NTC00661,Non-loyalty,F,Stationery & Office Supplies,Cash,No,2,10,20,Low
9/1/2023,NTC00662,Loyalty,M,Mobile airtime top-up,Cash,Yes,3,10,30,Low
9/1/2023,NTC00663,Loyalty,M,Food & Drinks,Mobile Money,Yes,2,50,100,High
9/1/2023,NTC00664,Loyalty,F,Mobile airtime top-up,Mobile Money,Yes,1,10,10,Low
9/1/2023,NTC00665,Non-loyalty,M,Online support services,Cash,No,1,450,450,High
9/1/2023,NTC00666,Loyalty,M,Food & Drinks,Mobile Money,Yes,1,30,30,Low
9/1/2023,NTC00667,Non-loyalty,F,Cyber services,Mobile Money,No,1,50,50,Low
9/1/2023,NTC00668,Loyalty,F,Cyber services,Mobile Money,No,2,20,40,Low
9/1/2023,NTC00669,Loyalty,M,Online support services,Mobile Money,Yes,30,5,150,High
9/1/2023,NTC00670,Loyalty,M,Stationery & Office Supplies,Mobile Money,Yes,1,50,50,Low
9/2/2023,NTC00671,Non-loyalty,M,Mobile airtime top-up,Mobile Money,No,1,50,50,Low
9/2/2023,NTC00672,Loyalty,F,Stationery & Office Supplies,Cash,Yes,1,5,5,Low
9/2/2023,NTC00673,Loyalty,F,Online support services,Cash,No,1,50,50,Low
9/2/2023,NTC00674,Loyalty,F,Cyber services,Cash,Yes,6,10,60,Low
9/2/2023,NTC00675,Non-loyalty,F,Stationery & Office Supplies,Cash,No,2,10,20,Low
9/2/2023,NTC00676,Non-loyalty,M,Cyber services,Cash,Yes,4,5,20,Low
9/2/2023,NTC00677,Loyalty,F,Online support services,Mobile Money,No,20,5,100,High
9/2/2023,NTC00678,Loyalty,F,Cyber services,Cash,No,2,50,100,High
9/2/2023,NTC00679,Loyalty,F,Cyber services,Cash,Yes,2,20,40,Low
9/2/2023,NTC00680,Loyalty,F,Cyber services,Mobile Money,No,1,10,10,Low
9/2/2023,NTC00681,Non-loyalty,F,Mobile airtime top-up,Mobile Money,No,1,10,10,Low
9/4/2023,NTC00682,Non-loyalty,M,Stationery & Office Supplies,Cash,No,3,10,30,Low
9/4/2023,NTC00683,Non-loyalty,M,Cyber services,Mobile Money,No,4,10,40,Low
9/4/2023,NTC00684,Loyalty,F,Cyber services,Mobile Money,Yes,4,50,200,High
9/4/2023,NTC00685,Non-loyalty,M,Cyber services,Mobile Money,Yes,54,5,270,High
9/4/2023,NTC00686,Loyalty,F,Cyber services,Mobile Money,No,20,10,200,High
9/4/2023,NTC00687,Loyalty,F,Mobile airtime top-up,Cash,Yes,2,20,40,Low
9/4/2023,NTC00688,Loyalty,M,Food & Drinks,Mobile Money,No,1,80,80,Low
9/4/2023,NTC00689,Loyalty,M,Food & Drinks,Cash,Yes,1,5,5,Low
9/4/2023,NTC00690,Loyalty,F,Food & Drinks,Cash,No,1,50,50,Low
9/4/2023,NTC00691,Loyalty,F,Mobile airtime top-up,Mobile Money,No,1,10,10,Low
9/4/2023,NTC00692,Non-loyalty,F,Cyber services,Mobile Money,Yes,2,20,40,Low
9/5/2023,NTC00693,Loyalty,M,Stationery & Office Supplies,Mobile Money,No,1,50,50,Low
9/5/2023,NTC00694,Non-loyalty,F,Mobile Accessories,Cash,Yes,1,180,180,High
9/5/2023,NTC00695,Non-loyalty,F,Mobile Accessories,Mobile Money,Yes,1,180,180,High
9/5/2023,NTC00696,Loyalty,F,Cyber services,Mobile Money,No,3,10,30,Low
9/5/2023,NTC00697,Loyalty,M,Mobile airtime top-up,Mobile Money,No,1,20,20,Low
9/5/2023,NTC00698,Loyalty,F,Stationery & Office Supplies,Mobile Money,Yes,1,10,10,Low
9/5/2023,NTC00699,Loyalty,F,Cyber services,Mobile Money,No,2,20,40,Low
9/5/2023,NTC00700,Loyalty,M,Cyber services,Cash,Yes,2,50,100,High
9/5/2023,NTC00701,Loyalty,F,Stationery & Office Supplies,Mobile Money,Yes,1,10,10,Low
9/5/2023,NTC00702,Non-loyalty,F,Cyber services,Mobile Money,Yes,3,5,15,Low
9/5/2023,NTC00703,Loyalty,M,Cyber services,Mobile Money,No,1,30,30,Low
9/5/2023,NTC00704,Non-loyalty,F,Mobile Accessories,Cash,No,1,150,150,High
9/5/2023,NTC00705,Non-loyalty,M,Food & Drinks,Mobile Money,No,1,70,70,Low
9/5/2023,NTC00706,Non-loyalty,M,Food & Drinks,Cash,No,1,30,30,Low
9/5/2023,NTC00707,Loyalty,F,Food & Drinks,Cash,No,1,70,70,Low
9/5/2023,NTC00708,Loyalty,F,Mobile airtime top-up,Mobile Money,Yes,1,20,20,Low
9/6/2023,NTC00709,Non-loyalty,F,Stationery & Office Supplies,Mobile Money,No,1,30,30,Low
9/6/2023,NTC00710,Loyalty,F,Stationery & Office Supplies,Mobile Money,Yes,1,40,40,Low
9/6/2023,NTC00711,Loyalty,M,Cyber services,Cash,No,13,10,130,High
9/6/2023,NTC00712,Loyalty,F,Cyber services,Cash,Yes,19,5,95,High
9/6/2023,NTC00713,Non-loyalty,M,Cyber services,Cash,Yes,4,10,40,Low
9/6/2023,NTC00714,Loyalty,F,Online support services,Cash,Yes,1,100,100,High
9/6/2023,NTC00715,Non-loyalty,F,Cyber services,Cash,No,5,50,250,High
9/6/2023,NTC00716,Non-loyalty,F,Stationery & Office Supplies,Cash,Yes,2,10,20,Low
9/6/2023,NTC00717,Loyalty,M,Food & Drinks,Mobile Money,No,1,50,50,Low
9/6/2023,NTC00718,Loyalty,F,Stationery & Office Supplies,Mobile Money,Yes,1,10,10,Low
9/6/2023,NTC00719,Loyalty,F,Cyber services,Cash,No,1,50,50,Low
9/6/2023,NTC00720,Loyalty,F,Mobile airtime top-up,Mobile Money,Yes,1,20,20,Low
9/6/2023,NTC00721,Non-loyalty,F,Cyber services,Mobile Money,Yes,3,20,60,Low
9/6/2023,NTC00722,Non-loyalty,M,Food & Drinks,Cash,Yes,4,5,20,Low
9/6/2023,NTC00723,Non-loyalty,F,Food & Drinks,Cash,Yes,1,180,180,High
9/6/2023,NTC00724,Non-loyalty,M,Stationery & Office Supplies,Mobile Money,Yes,2,50,100,High
9/7/2023,NTC00725,Loyalty,M,Stationery & Office Supplies,Cash,No,1,10,10,Low
9/7/2023,NTC00726,Loyalty,M,Cyber services,Cash,Yes,4,10,40,Low
9/7/2023,NTC00727,Loyalty,M,Stationery & Office Supplies,Mobile Money,Yes,6,10,60,Low
9/7/2023,NTC00728,Non-loyalty,M,Cyber services,Cash,Yes,41,5,205,High
9/7/2023,NTC00729,Non-loyalty,M,Cyber services,Mobile Money,Yes,5,10,50,Low
9/7/2023,NTC00730,Non-loyalty,F,Cyber services,Mobile Money,No,2,50,100,High
9/7/2023,NTC00731,Loyalty,M,Stationery & Office Supplies,Mobile Money,No,1,10,10,Low
9/7/2023,NTC00732,Non-loyalty,M,Mobile airtime top-up,Mobile Money,Yes,3,20,60,Low
9/7/2023,NTC00733,Loyalty,M,Mobile airtime top-up,Mobile Money,No,1,10,10,Low
9/7/2023,NTC00734,Loyalty,F,Food & Drinks,Cash,Yes,1,5,5,Low
9/7/2023,NTC00735,Non-loyalty,F,Cyber services,Cash,No,1,20,20,Low
9/7/2023,NTC00736,Loyalty,M,Stationery & Office Supplies,Cash,Yes,1,10,10,Low
9/7/2023,NTC00737,Loyalty,F,Stationery & Office Supplies,Cash,No,1,30,30,Low
9/7/2023,NTC00738,Loyalty,M,Cyber services,Mobile Money,No,3,20,60,Low
9/8/2023,NTC00739,Non-loyalty,M,Mobile airtime top-up,Mobile Money,Yes,1,20,20,Low
9/8/2023,NTC00740,Non-loyalty,F,Cyber services,Cash,No,18,5,90,High
9/8/2023,NTC00741,Loyalty,M,Stationery & Office Supplies,Mobile Money,Yes,2,5,10,Low
9/8/2023,NTC00742,Loyalty,F,Mobile Accessories,Cash,No,1,500,500,High
9/8/2023,NTC00743,Loyalty,F,Online support services,Cash,Yes,1,200,200,High
9/8/2023,NTC00744,Non-loyalty,M,Stationery & Office Supplies,Cash,No,1,80,80,Low
9/8/2023,NTC00745,Loyalty,M,Cyber services,Mobile Money,No,2,20,40,Low
9/8/2023,NTC00746,Loyalty,F,Stationery & Office Supplies,Mobile Money,Yes,1,10,10,Low
9/8/2023,NTC00747,Loyalty,M,Cyber services,Mobile Money,Yes,2,10,20,Low
9/8/2023,NTC00748,Non-loyalty,M,Cyber services,Mobile Money,Yes,1,50,50,Low
9/8/2023,NTC00749,Loyalty,M,Cyber services,Cash,No,1,20,20,Low
9/8/2023,NTC00750,Loyalty,F,Mobile airtime top-up,Mobile Money,No,1,50,50,Low
9/8/2023,NTC00751,Non-loyalty,F,Mobile airtime top-up,Mobile Money,No,3,50,150,High
9/8/2023,NTC00752,Loyalty,M,Mobile airtime top-up,Mobile Money,No,1,100,100,High
9/8/2023,NTC00753,Loyalty,F,Mobile airtime top-up,Cash,Yes,1,50,50,Low
9/8/2023,NTC00754,Loyalty,F,Mobile airtime top-up,Cash,Yes,1,10,10,Low
9/8/2023,NTC00755,Loyalty,F,Mobile airtime top-up,Mobile Money,No,2,20,40,Low
9/8/2023,NTC00756,Non-loyalty,F,Food & Drinks,Mobile Money,No,1,80,80,Low
9/8/2023,NTC00757,Non-loyalty,F,Food & Drinks,Mobile Money,No,1,30,30,Low
9/11/2023,NTC00758,Non-loyalty,M,Food & Drinks,Mobile Money,No,1,5,5,Low
9/11/2023,NTC00759,Loyalty,M,Stationery & Office Supplies,Cash,No,1,50,50,Low
9/11/2023,NTC00760,Loyalty,M,Mobile airtime top-up,Mobile Money,No,2,20,40,Low
9/11/2023,NTC00761,Non-loyalty,F,Online support services,Mobile Money,No,1,100,100,High
9/11/2023,NTC00762,Loyalty,F,Cyber services,Mobile Money,No,19,5,95,High
9/11/2023,NTC00763,Non-loyalty,M,Food & Drinks,Cash,No,1,70,70,Low
9/11/2023,NTC00764,Loyalty,F,Mobile airtime top-up,Cash,No,1,100,100,High
9/11/2023,NTC00765,Loyalty,M,Food & Drinks,Mobile Money,No,1,50,50,Low
9/11/2023,NTC00766,Loyalty,M,Mobile airtime top-up,Mobile Money,Yes,1,100,100,High
9/11/2023,NTC00767,Non-loyalty,M,Stationery & Office Supplies,Mobile Money,No,2,30,60,Low
9/11/2023,NTC00768,Loyalty,F,Stationery & Office Supplies,Mobile Money,Yes,1,50,50,Low
9/12/2023,NTC00769,Loyalty,F,Stationery & Office Supplies,Mobile Money,Yes,1,50,50,Low
9/12/2023,NTC00770,Loyalty,M,Stationery & Office Supplies,Cash,Yes,2,10,20,Low
9/12/2023,NTC00771,Loyalty,M,Cyber services,Cash,No,26,10,260,High
9/12/2023,NTC00772,Loyalty,M,Cyber services,Cash,No,9,10,90,High
9/12/2023,NTC00773,Loyalty,M,Cyber services,Mobile Money,Yes,1,10,10,Low
9/12/2023,NTC00774,Loyalty,F,Mobile airtime top-up,Cash,Yes,1,20,20,Low
9/12/2023,NTC00775,Loyalty,F,Mobile airtime top-up,Cash,Yes,1,10,10,Low
9/12/2023,NTC00776,Loyalty,M,Mobile airtime top-up,Cash,No,1,20,20,Low
9/12/2023,NTC00777,Loyalty,M,Food & Drinks,Mobile Money,Yes,1,70,70,Low
9/12/2023,NTC00778,Non-loyalty,F,Food & Drinks,Mobile Money,Yes,2,5,10,Low
9/12/2023,NTC00779,Loyalty,F,Online support services,Cash,No,1,300,300,High
9/12/2023,NTC00780,Loyalty,M,Stationery & Office Supplies,Mobile Money,Yes,8,3,24,Low
9/12/2023,NTC00781,Non-loyalty,M,Food & Drinks,Cash,No,1,30,30,Low
9/13/2023,NTC00782,Loyalty,M,Mobile Accessories,Cash,No,1,200,200,High
9/13/2023,NTC00783,Loyalty,F,Mobile Accessories,Cash,No,1,220,220,High
9/13/2023,NTC00784,Non-loyalty,F,Stationery & Office Supplies,Cash,No,1,30,30,Low
9/13/2023,NTC00785,Loyalty,F,Stationery & Office Supplies,Mobile Money,Yes,3,10,30,Low
9/13/2023,NTC00786,Loyalty,M,Food & Drinks,Mobile Money,Yes,3,50,150,High
9/13/2023,NTC00787,Loyalty,M,Stationery & Office Supplies,Mobile Money,Yes,2,10,20,Low
9/13/2023,NTC00788,Loyalty,F,Food & Drinks,Mobile Money,No,1,70,70,Low
9/13/2023,NTC00789,Loyalty,F,Mobile airtime top-up,Cash,No,2,50,100,High
9/13/2023,NTC00790,Non-loyalty,M,Cyber services,Mobile Money,No,3,10,30,Low
9/13/2023,NTC00791,Non-loyalty,F,Cyber services,Cash,No,9,5,45,Low
9/13/2023,NTC00792,Loyalty,F,Cyber services,Mobile Money,Yes,1,10,10,Low
9/13/2023,NTC00793,Loyalty,M,Online support services,Mobile Money,No,1,600,600,High
9/14/2023,NTC00794,Loyalty,F,Mobile airtime top-up,Mobile Money,No,4,10,40,Low
9/14/2023,NTC00795,Non-loyalty,M,Cyber services,Cash,No,4,10,40,Low
9/14/2023,NTC00796,Loyalty,M,Cyber services,Cash,No,6,5,30,Low
9/14/2023,NTC00797,Loyalty,M,Stationery & Office Supplies,Cash,Yes,1,10,10,Low
9/14/2023,NTC00798,Non-loyalty,M,Stationery & Office Supplies,Cash,No,8,20,160,High
9/14/2023,NTC00799,Non-loyalty,M,Food & Drinks,Mobile Money,No,1,80,80,Low
9/14/2023,NTC00800,Non-loyalty,M,Cyber services,Cash,No,1,30,30,Low
9/14/2023,NTC00801,Non-loyalty,M,Mobile airtime top-up,Cash,No,2,20,40,Low
9/14/2023,NTC00802,Non-loyalty,F,Cyber services,Mobile Money,Yes,5,10,50,Low
9/14/2023,NTC00803,Loyalty,M,Food & Drinks,Mobile Money,Yes,3,5,15,Low
9/14/2023,NTC00804,Non-loyalty,M,Food & Drinks,Cash,Yes,1,180,180,High
9/14/2023,NTC00805,Loyalty,F,Stationery & Office Supplies,Mobile Money,Yes,1,120,120,High
9/15/2023,NTC00806,Loyalty,F,Mobile Accessories,Cash,No,1,200,200,High
9/15/2023,NTC00807,Non-loyalty,F,Cyber services,Mobile Money,Yes,8,5,40,Low
9/15/2023,NTC00808,Non-loyalty,M,Mobile airtime top-up,Cash,Yes,1,50,50,Low
9/15/2023,NTC00809,Loyalty,F,Food & Drinks,Cash,No,1,70,70,Low
9/15/2023,NTC00810,Non-loyalty,M,Food & Drinks,Cash,No,1,50,50,Low
9/15/2023,NTC00811,Non-loyalty,M,Food & Drinks,Cash,No,2,50,100,High
9/15/2023,NTC00812,Non-loyalty,M,Online support services,Cash,Yes,1,50,50,Low
9/15/2023,NTC00813,Loyalty,M,Stationery & Office Supplies,Mobile Money,No,1,10,10,Low
9/15/2023,NTC00814,Loyalty,F,Food & Drinks,Cash,Yes,3,5,15,Low
9/18/2023,NTC00815,Loyalty,F,Stationery & Office Supplies,Cash,No,1,40,40,Low
9/18/2023,NTC00816,Non-loyalty,M,Cyber services,Cash,Yes,10,10,100,High
9/18/2023,NTC00817,Loyalty,M,Stationery & Office Supplies,Cash,No,2,10,20,Low
9/18/2023,NTC00818,Non-loyalty,M,Cyber services,Cash,No,6,5,30,Low
9/18/2023,NTC00819,Loyalty,F,Stationery & Office Supplies,Mobile Money,No,1,120,120,High
9/18/2023,NTC00820,Non-loyalty,M,Stationery & Office Supplies,Mobile Money,Yes,2,10,20,Low
9/18/2023,NTC00821,Loyalty,M,Stationery & Office Supplies,Cash,Yes,1,40,40,Low
9/18/2023,NTC00822,Loyalty,F,Stationery & Office Supplies,Mobile Money,No,1,55,55,Low
9/18/2023,NTC00823,Loyalty,F,Stationery & Office Supplies,Cash,No,1,65,65,Low
9/18/2023,NTC00824,Loyalty,M,Cyber services,Mobile Money,Yes,3,10,30,Low
9/18/2023,NTC00825,Loyalty,F,Cyber services,Mobile Money,Yes,2,500,1000,High
9/18/2023,NTC00826,Loyalty,F,Stationery & Office Supplies,Cash,Yes,3,25,75,Low
9/18/2023,NTC00827,Non-loyalty,M,Stationery & Office Supplies,Mobile Money,No,1,5,5,Low
9/18/2023,NTC00828,Loyalty,F,Stationery & Office Supplies,Mobile Money,Yes,2,10,20,Low
9/18/2023,NTC00829,Non-loyalty,M,Mobile airtime top-up,Cash,Yes,1,50,50,Low
9/18/2023,NTC00830,Non-loyalty,F,Food & Drinks,Cash,No,3,5,15,Low
9/18/2023,NTC00831,Loyalty,M,Food & Drinks,Mobile Money,Yes,1,30,30,Low
9/18/2023,NTC00832,Loyalty,M,Mobile airtime top-up,Mobile Money,No,4,10,40,Low
9/18/2023,NTC00833,Loyalty,M,Cyber services,Mobile Money,No,1,80,80,Low
9/19/2023,NTC00834,Non-loyalty,F,Stationery & Office Supplies,Cash,No,1,55,55,Low
9/19/2023,NTC00835,Non-loyalty,M,Stationery & Office Supplies,Mobile Money,No,1,10,10,Low
9/19/2023,NTC00836,Loyalty,F,Stationery & Office Supplies,Mobile Money,Yes,1,30,30,Low
9/19/2023,NTC00837,Loyalty,M,Food & Drinks,Mobile Money,Yes,1,70,70,Low
9/19/2023,NTC00838,Loyalty,M,Stationery & Office Supplies,Cash,No,2,75,150,High
9/19/2023,NTC00839,Non-loyalty,F,Mobile Accessories,Cash,No,1,450,450,High
9/19/2023,NTC00840,Non-loyalty,M,Stationery & Office Supplies,Cash,No,14,5,70,Low
9/19/2023,NTC00841,Loyalty,M,Cyber services,Cash,No,3,10,30,Low
9/19/2023,NTC00842,Loyalty,F,Stationery & Office Supplies,Mobile Money,No,1,5,5,Low
9/19/2023,NTC00843,Non-loyalty,M,Stationery & Office Supplies,Cash,Yes,1,30,30,Low
9/20/2023,NTC00844,Loyalty,M,Cyber services,Mobile Money,Yes,3,20,60,Low
9/20/2023,NTC00845,Non-loyalty,M,Cyber services,Mobile Money,No,4,10,40,Low
9/20/2023,NTC00846,Loyalty,M,Stationery & Office Supplies,Mobile Money,No,2,25,50,Low
9/20/2023,NTC00847,Loyalty,F,Stationery & Office Supplies,Mobile Money,No,4,75,300,High
9/20/2023,NTC00848,Non-loyalty,F,Stationery & Office Supplies,Cash,Yes,1,80,80,Low
9/20/2023,NTC00849,Loyalty,M,Stationery & Office Supplies,Cash,Yes,1,55,55,Low
9/20/2023,NTC00850,Non-loyalty,F,Food & Drinks,Cash,No,2,50,100,High
9/20/2023,NTC00851,Loyalty,M,Mobile Accessories,Cash,No,1,200,200,High
9/20/2023,NTC00852,Loyalty,F,Cyber services,Cash,Yes,1,50,50,Low
9/20/2023,NTC00853,Loyalty,M,Online support services,Mobile Money,No,1,50,50,Low
9/20/2023,NTC00854,Loyalty,M,Cyber services,Cash,No,1,50,50,Low
9/20/2023,NTC00855,Non-loyalty,M,Cyber services,Cash,Yes,56,5,280,High
9/20/2023,NTC00856,Loyalty,M,Stationery & Office Supplies,Cash,No,1,30,30,Low
9/20/2023,NTC00857,Loyalty,M,Stationery & Office Supplies,Cash,Yes,1,10,10,Low
9/20/2023,NTC00858,Loyalty,M,Mobile airtime top-up,Mobile Money,No,1,10,10,Low
9/21/2023,NTC00859,Loyalty,F,Mobile airtime top-up,Mobile Money,Yes,1,20,20,Low
9/21/2023,NTC00860,Loyalty,M,Mobile airtime top-up,Mobile Money,Yes,1,50,50,Low
9/21/2023,NTC00861,Non-loyalty,F,Cyber services,Mobile Money,Yes,1,10,10,Low
9/21/2023,NTC00862,Loyalty,M,Cyber services,Mobile Money,Yes,2,50,100,High
9/21/2023,NTC00863,Loyalty,F,Cyber services,Cash,No,3,5,15,Low
9/22/2023,NTC00864,Loyalty,F,Cyber services,Mobile Money,No,1,30,30,Low
9/22/2023,NTC00865,Loyalty,F,Cyber services,Mobile Money,Yes,6,5,30,Low
9/22/2023,NTC00866,Loyalty,M,Stationery & Office Supplies,Mobile Money,No,1,10,10,Low
9/22/2023,NTC00867,Loyalty,M,Mobile airtime top-up,Cash,Yes,1,50,50,Low
9/22/2023,NTC00868,Loyalty,F,Mobile airtime top-up,Cash,Yes,1,20,20,Low
9/22/2023,NTC00869,Non-loyalty,M,Stationery & Office Supplies,Mobile Money,No,37,5,185,High
9/22/2023,NTC00870,Non-loyalty,F,Mobile airtime top-up,Cash,Yes,1,50,50,Low
9/22/2023,NTC00871,Non-loyalty,M,Stationery & Office Supplies,Cash,No,6,25,150,High
9/22/2023,NTC00872,Non-loyalty,F,Stationery & Office Supplies,Mobile Money,No,1,5,5,Low
9/22/2023,NTC00873,Non-loyalty,F,Mobile airtime top-up,Cash,Yes,2,10,20,Low
9/22/2023,NTC00874,Loyalty,M,Cyber services,Cash,Yes,1,500,500,High
9/22/2023,NTC00875,Loyalty,F,Cyber services,Cash,No,1,150,150,High
9/22/2023,NTC00876,Loyalty,M,Food & Drinks,Mobile Money,Yes,4,5,20,Low
9/22/2023,NTC00877,Loyalty,F,Food & Drinks,Mobile Money,Yes,1,80,80,Low
9/22/2023,NTC00878,Loyalty,F,Stationery & Office Supplies,Mobile Money,No,1,50,50,Low
9/22/2023,NTC00879,Non-loyalty,M,Food & Drinks,Cash,No,1,70,70,Low
9/22/2023,NTC00880,Loyalty,M,Online support services,Mobile Money,Yes,1,670,670,High
9/25/2023,NTC00881,Non-loyalty,M,Stationery & Office Supplies,Cash,No,1,10,10,Low
9/23/2023,NTC00882,Loyalty,F,Stationery & Office Supplies,Cash,Yes,1,10,10,Low
9/23/2023,NTC00883,Loyalty,M,Cyber services,Cash,Yes,9,10,90,High
9/23/2023,NTC00884,Loyalty,F,Mobile airtime top-up,Mobile Money,Yes,1,20,20,Low
9/25/2023,NTC00885,Loyalty,F,Stationery & Office Supplies,Mobile Money,No,2,10,20,Low
9/25/2023,NTC00886,Loyalty,M,Stationery & Office Supplies,Mobile Money,Yes,1,30,30,Low
9/25/2023,NTC00887,Loyalty,M,Stationery & Office Supplies,Mobile Money,No,2,120,240,High
9/25/2023,NTC00888,Non-loyalty,F,Cyber services,Cash,No,181,5,905,High
9/25/2023,NTC00889,Non-loyalty,F,Cyber services,Mobile Money,Yes,5,10,50,Low
9/25/2025,NTC00890,Non-loyalty,M,Cyber services,Cash,Yes,1,20,20,Low
9/25/2023,NTC00891,Non-loyalty,M,Cyber services,Mobile Money,Yes,3,50,150,High
9/25/2023,NTC00892,Loyalty,M,Mobile airtime top-up,Mobile Money,No,1,10,10,Low
9/26/2023,NTC00893,Loyalty,M,Cyber services,Mobile Money,No,25,5,125,High
9/26/2023,NTC00894,Loyalty,M,Food & Drinks,Cash,Yes,4,5,20,Low
9/26/2023,NTC00895,Non-loyalty,F,Mobile Accessories,Cash,No,1,300,300,High
9/26/2023,NTC00896,Loyalty,F,Mobile airtime top-up,Cash,Yes,1,50,50,Low
9/26/2023,NTC00897,Loyalty,F,Food & Drinks,Cash,Yes,1,50,50,Low
9/26/2023,NTC00898,Loyalty,F,Food & Drinks,Cash,No,1,80,80,Low
9/26/2023,NTC00899,Loyalty,M,Stationery & Office Supplies,Mobile Money,Yes,3,25,75,Low
9/27/2023,NTC00900,Loyalty,M,Stationery & Office Supplies,Cash,No,1,50,50,Low
9/27/2023,NTC00901,Loyalty,M,Stationery & Office Supplies,Cash,Yes,4,25,100,High
9/27/2023,NTC00902,Loyalty,F,Cyber services,Cash,No,4,10,40,Low
9/27/2023,NTC00903,Non-loyalty,F,Cyber services,Cash,Yes,58,5,290,High
9/27/2023,NTC00904,Loyalty,M,Cyber services,Mobile Money,Yes,1,10,10,Low
9/27/2023,NTC00905,Non-loyalty,M,Cyber services,Cash,No,50,10,500,High
9/27/2023,NTC00906,Non-loyalty,F,Cyber services,Mobile Money,Yes,2,20,40,Low
9/27/2023,NTC00907,Non-loyalty,F,Cyber services,Mobile Money,Yes,2,80,160,High
9/27/2023,NTC00908,Loyalty,M,Food & Drinks,Mobile Money,No,2,5,10,Low
9/27/2023,NTC00909,Loyalty,M,Cyber services,Cash,Yes,1,50,50,Low
9/27/2023,NTC00910,Loyalty,F,Stationery & Office Supplies,Mobile Money,Yes,12,3,36,Low
9/27/2023,NTC00911,Loyalty,M,Stationery & Office Supplies,Cash,No,1,120,120,High
9/28/2023,NTC00912,Loyalty,M,Stationery & Office Supplies,Cash,No,4,3,12,Low
9/28/2023,NTC00913,Loyalty,M,Cyber services,Cash,No,22,5,110,High
9/28/2023,NTC00914,Loyalty,F,Food & Drinks,Cash,Yes,1,50,50,Low
9/28/2023,NTC00915,Loyalty,F,Cyber services,Cash,Yes,1,30,30,Low
9/28/2023,NTC00916,Loyalty,F,Cyber services,Mobile Money,Yes,1,500,500,High
9/28/2023,NTC00917,Non-loyalty,F,Food & Drinks,Mobile Money,No,1,5,5,Low
9/28/2023,NTC00918,Non-loyalty,F,Stationery & Office Supplies,Cash,No,1,100,100,High
9/28/2023,NTC00919,Non-loyalty,F,Stationery & Office Supplies,Mobile Money,No,1,5,5,Low
9/29/2023,NTC00920,Non-loyalty,F,Mobile Accessories,Cash,No,1,210,210,High
9/29/2023,NTC00921,Loyalty,M,Cyber services,Mobile Money,No,1,10,10,Low
9/29/2023,NTC00922,Loyalty,M,Stationery & Office Supplies,Mobile Money,Yes,1,5,5,Low
9/29/2023,NTC00923,Loyalty,M,Cyber services,Mobile Money,Yes,1,30,30,Low
9/29/2023,NTC00924,Loyalty,M,Stationery & Office Supplies,Mobile Money,No,1,60,60,Low
9/29/2023,NTC00925,Loyalty,M,Cyber services,Mobile Money,Yes,2,80,160,High
9/29/2023,NTC00926,Non-loyalty,M,Cyber services,Cash,No,2,5,10,Low
9/29/2023,NTC00927,Non-loyalty,M,Stationery & Office Supplies,Cash,Yes,1,30,30,Low
9/29/2023,NTC00928,Non-loyalty,F,Stationery & Office Supplies,Mobile Money,No,1,80,80,Low
9/29/2023,NTC00929,Loyalty,F,Stationery & Office Supplies,Cash,Yes,1,20,20,Low
9/29/2023,NTC00930,Loyalty,M,Food & Drinks,Mobile Money,Yes,1,70,70,Low
9/29/2023,NTC00931,Loyalty,M,Stationery & Office Supplies,Cash,No,1,130,130,High
9/29/2023,NTC00932,Non-loyalty,F,Stationery & Office Supplies,Mobile Money,No,1,10,10,Low
9/29/2023,NTC00933,Loyalty,M,Food & Drinks,Mobile Money,No,3,180,540,High
9/29/2023,NTC00934,Loyalty,M,Food & Drinks,Mobile Money,Yes,11,130,1430,High
9/29/2023,NTC00935,Loyalty,F,Food & Drinks,Cash,No,4,110,440,High
10/2/2023,NTC00936,Non-loyalty,M,Stationery & Office Supplies,Cash,No,1,80,80,Low
10/2/2023,NTC00937,Non-loyalty,F,Stationery & Office Supplies,Mobile Money,Yes,1,10,10,Low
10/2/2023,NTC00938,Loyalty,M,Cyber services,Mobile Money,No,64,5,320,High
10/2/2023,NTC00939,Non-loyalty,F,Cyber services,Cash,No,1,10,10,Low
10/2/2023,NTC00940,Non-loyalty,F,Stationery & Office Supplies,Cash,Yes,1,10,10,Low
10/2/2023,NTC00941,Loyalty,F,Stationery & Office Supplies,Cash,Yes,1,30,30,Low
10/2/2023,NTC00942,Non-loyalty,M,Stationery & Office Supplies,Cash,Yes,1,80,80,Low
10/2/2023,NTC00943,Non-loyalty,F,Mobile airtime top-up,Cash,No,1,10,10,Low
10/2/2023,NTC00944,Loyalty,M,Mobile airtime top-up,Mobile Money,Yes,2,50,100,High
10/2/2023,NTC00945,Loyalty,M,Cyber services,Cash,No,1,50,50,Low
10/2/2023,NTC00946,Loyalty,M,Cyber services,Mobile Money,Yes,14,10,140,High
10/2/2023,NTC00947,Non-loyalty,M,Online support services,Mobile Money,Yes,1,50,50,Low
10/2/2023,NTC00948,Loyalty,F,Food & Drinks,Cash,No,1,50,50,Low
10/2/2023,NTC00949,Loyalty,F,Food & Drinks,Cash,No,2,80,160,High
10/2/2023,NTC00950,Loyalty,M,Cyber services,Mobile Money,Yes,1,50,50,Low
10/2/2023,NTC00951,Non-loyalty,M,Cyber services,Cash,Yes,1,20,20,Low
10/2/2023,NTC00952,Non-loyalty,F,Online support services,Mobile Money,No,1,20,20,Low
10/3/2023,NTC00953,Loyalty,M,Mobile Accessories,Cash,No,1,220,220,High
10/3/2023,NTC00954,Loyalty,F,Mobile Accessories,Cash,No,1,150,150,High
10/3/2023,NTC00955,Loyalty,M,Food & Drinks,Cash,No,6,5,30,Low
10/3/2023,NTC00956,Non-loyalty,M,Cyber services,Mobile Money,Yes,1,10,10,Low
10/3/2023,NTC00957,Loyalty,F,Food & Drinks,Cash,No,1,70,70,Low
10/3/2023,NTC00958,Loyalty,M,Food & Drinks,Mobile Money,No,1,50,50,Low
10/3/2023,NTC00959,Loyalty,F,Cyber services,Cash,No,131,10,1310,High
10/3/2023,NTC00960,Non-loyalty,M,Cyber services,Mobile Money,No,4,5,20,Low
10/3/2023,NTC00961,Loyalty,M,Stationery & Office Supplies,Cash,Yes,3,10,30,Low
10/3/2023,NTC00962,Loyalty,M,Stationery & Office Supplies,Mobile Money,Yes,16,3,48,Low
10/3/2023,NTC00963,Loyalty,F,Food & Drinks,Mobile Money,No,2,70,140,High
10/4/2023,NTC00964,Loyalty,M,Online support services,Mobile Money,Yes,1,100,100,High
10/4/2023,NTC00965,Loyalty,M,Cyber services,Mobile Money,No,4,20,80,Low
10/4/2023,NTC00966,Non-loyalty,M,Stationery & Office Supplies,Mobile Money,Yes,1,10,10,Low
10/4/2023,NTC00967,Non-loyalty,M,Stationery & Office Supplies,Mobile Money,Yes,4,80,320,High
10/4/2023,NTC00968,Loyalty,F,Stationery & Office Supplies,Cash,No,1,10,10,Low
10/4/2023,NTC00969,Loyalty,F,Cyber services,Mobile Money,No,1,5,5,Low
10/4/2023,NTC00970,Loyalty,M,Mobile airtime top-up,Mobile Money,No,1,20,20,Low
10/4/2023,NTC00971,Non-loyalty,F,Food & Drinks,Mobile Money,Yes,1,50,50,Low
10/4/2023,NTC00972,Loyalty,M,Stationery & Office Supplies,Cash,Yes,1,50,50,Low
10/4/2023,NTC00973,Loyalty,M,Food & Drinks,Cash,Yes,2,5,10,Low
10/4/2023,NTC00974,Loyalty,M,Stationery & Office Supplies,Cash,No,8,3,24,Low
10/4/2023,NTC00975,Loyalty,F,Cyber services,Mobile Money,Yes,1,120,120,High
10/4/2023,NTC00976,Loyalty,F,Online support services,Cash,No,6,5,30,Low
10/5/2023,NTC00977,Loyalty,F,Stationery & Office Supplies,Cash,No,4,3,12,Low
10/5/2023,NTC00978,Non-loyalty,F,Mobile Accessories,Mobile Money,Yes,1,400,400,High
10/5/2023,NTC00979,Loyalty,F,Cyber services,Mobile Money,No,2,20,40,Low
10/5/2023,NTC00980,Loyalty,F,Stationery & Office Supplies,Cash,No,5,10,50,Low
10/5/2023,NTC00981,Non-loyalty,F,Cyber services,Mobile Money,No,1,10,10,Low
10/5/2023,NTC00982,Loyalty,F,Cyber services,Mobile Money,No,22,5,110,High
10/5/2023,NTC00983,Loyalty,F,Cyber services,Mobile Money,Yes,1,50,50,Low
10/5/2023,NTC00984,Loyalty,M,Mobile airtime top-up,Mobile Money,Yes,1,50,50,Low
10/5/2023,NTC00985,Loyalty,F,Cyber services,Cash,No,1,100,100,High
10/5/2023,NTC00986,Loyalty,F,Stationery & Office Supplies,Mobile Money,Yes,1,100,100,High
10/5/2023,NTC00987,Loyalty,F,Food & Drinks,Cash,Yes,1,50,50,Low
10/5/2023,NTC00988,Loyalty,F,Food & Drinks,Cash,Yes,2,5,10,Low
10/6/2023,NTC00989,Non-loyalty,F,Mobile airtime top-up,Cash,Yes,1,10,10,Low
10/6/2023,NTC00990,Non-loyalty,F,Cyber services,Cash,Yes,1,30,30,Low
10/6/2023,NTC00991,Loyalty,F,Cyber services,Mobile Money,No,2,10,20,Low
10/6/2023,NTC00992,Loyalty,F,Cyber services,Mobile Money,No,3,20,60,Low
10/6/2023,NTC00993,Loyalty,F,Stationery & Office Supplies,Mobile Money,Yes,3,10,30,Low
10/6/2023,NTC00994,Loyalty,F,Cyber services,Cash,Yes,6,5,30,Low
10/6/2023,NTC00995,Loyalty,F,Cyber services,Cash,Yes,1,10,10,Low
10/6/2023,NTC00996,Loyalty,M,Food & Drinks,Cash,No,4,5,20,Low
10/6/2023,NTC00997,Non-loyalty,M,Cyber services,Mobile Money,No,1,20,20,Low
10/6/2023,NTC00998,Loyalty,F,Food & Drinks,Cash,No,1,30,30,Low
10/6/2023,NTC00999,Loyalty,F,Cyber services,Mobile Money,No,1,10,10,Low
10/9/2023,NTC001000,Non-loyalty,M,Stationery & Office Supplies,Mobile Money,Yes,3,5,15,Low
10/9/2023,NTC001001,Loyalty,F,Stationery & Office Supplies,Mobile Money,Yes,2,10,20,Low
10/9/2023,NTC001002,Loyalty,M,Stationery & Office Supplies,Mobile Money,No,2,25,50,Low
10/9/2023,NTC001003,Loyalty,M,Cyber services,Cash,Yes,6,5,30,Low
10/9/2023,NTC001004,Loyalty,M,Food & Drinks,Mobile Money,Yes,2,70,140,High
10/9/2023,NTC001005,Loyalty,M,Mobile Accessories,Cash,No,1,250,250,High
10/9/2023,NTC001006,Non-loyalty,M,Cyber services,Mobile Money,No,11,10,110,High
10/9/2023,NTC001007,Non-loyalty,F,Mobile airtime top-up,Cash,Yes,1,50,50,Low
10/9/2023,NTC001008,Non-loyalty,M,Mobile airtime top-up,Cash,Yes,1,20,20,Low
10/9/2023,NTC001009,Non-loyalty,F,Cyber services,Mobile Money,Yes,1,50,50,Low
10/9/2023,NTC001010,Loyalty,F,Stationery & Office Supplies,Mobile Money,Yes,1,500,500,High
10/9/2023,NTC001011,Non-loyalty,M,Cyber services,Mobile Money,Yes,2,25,50,Low
10/9/2023,NTC001012,Loyalty,M,Stationery & Office Supplies,Cash,No,2,25,50,Low
10/9/2023,NTC001013,Loyalty,F,Cyber services,Mobile Money,Yes,2,50,100,High
10/9/2023,NTC001014,Non-loyalty,M,Stationery & Office Supplies,Mobile Money,Yes,2,10,20,Low
10/9/2023,NTC001015,Loyalty,M,Stationery & Office Supplies,Cash,No,2,3,6,Low
10/9/2023,NTC001016,Non-loyalty,F,Food & Drinks,Mobile Money,Yes,4,50,200,High
10/9/2023,NTC001017,Loyalty,F,Online support services,Cash,Yes,1,20,20,Low
10/9/2023,NTC001018,Loyalty,M,Cyber services,Mobile Money,No,1,80,80,Low
10/9/2023,NTC001019,Loyalty,F,Cyber services,Cash,No,1,50,50,Low
10/10/2023,NTC001020,Non-loyalty,M,Food & Drinks,Cash,Yes,1,80,80,Low
10/10/2023,NTC001021,Non-loyalty,M,Mobile airtime top-up,Mobile Money,Yes,1,20,20,Low
10/10/2023,NTC001022,Non-loyalty,M,Stationery & Office Supplies,Cash,Yes,20,3,60,Low
10/10/2023,NTC001023,Loyalty,F,Cyber services,Mobile Money,Yes,1,50,50,Low
10/10/2023,NTC001024,Non-loyalty,F,Cyber services,Mobile Money,Yes,15,10,150,High
10/10/2023,NTC001025,Loyalty,F,Cyber services,Cash,Yes,1,10,10,Low
10/10/2023,NTC001026,Loyalty,F,Cyber services,Mobile Money,Yes,2,5,10,Low
10/10/2023,NTC001027,Non-loyalty,F,Food & Drinks,Cash,No,2,50,100,High
10/10/2023,NTC001028,Loyalty,M,Food & Drinks,Cash,No,1,70,70,Low
10/10/2023,NTC001029,Loyalty,M,Cyber services,Cash,No,1,10,10,Low
10/11/2023,NTC001030,Non-loyalty,M,Cyber services,Cash,No,5,50,250,High
10/11/2023,NTC001031,Loyalty,M,Cyber services,Cash,Yes,58,5,290,High
10/11/2023,NTC001032,Loyalty,F,Stationery & Office Supplies,Cash,Yes,1,50,50,Low
10/11/2023,NTC001033,Loyalty,M,Cyber services,Cash,Yes,3,20,60,Low
10/11/2023,NTC001034,Loyalty,F,Cyber services,Cash,No,2,10,20,Low
10/11/2023,NTC001035,Non-loyalty,M,Stationery & Office Supplies,Mobile Money,Yes,1,10,10,Low
10/11/2023,NTC001036,Loyalty,F,Cyber services,Mobile Money,No,1,30,30,Low
10/11/2023,NTC001037,Loyalty,F,Food & Drinks,Cash,Yes,4,5,20,Low
10/11/2023,NTC001038,Loyalty,M,Online support services,Mobile Money,Yes,4,5,20,Low
10/12/2023,NTC001039,Loyalty,M,Mobile Accessories,Mobile Money,No,1,300,300,High
10/12/2023,NTC001040,Loyalty,M,Stationery & Office Supplies,Mobile Money,No,8,3,24,Low
10/12/2023,NTC001041,Loyalty,M,Cyber services,Mobile Money,Yes,2,25,50,Low
10/12/2023,NTC001042,Loyalty,F,Cyber services,Mobile Money,No,1,10,10,Low
10/12/2023,NTC001043,Non-loyalty,M,Stationery & Office Supplies,Mobile Money,Yes,2,250,500,High
10/12/2023,NTC001044,Non-loyalty,M,Stationery & Office Supplies,Cash,No,4,5,20,Low
10/12/2023,NTC001045,Loyalty,F,Stationery & Office Supplies,Mobile Money,No,4,10,40,Low
10/12/2023,NTC001046,Loyalty,M,Stationery & Office Supplies,Mobile Money,Yes,2,50,100,High
10/12/2023,NTC001047,Loyalty,M,Stationery & Office Supplies,Mobile Money,No,1,5,5,Low
10/12/2023,NTC001048,Non-loyalty,M,Stationery & Office Supplies,Mobile Money,No,6,10,60,Low
10/12/2023,NTC001049,Loyalty,M,Food & Drinks,Cash,Yes,1,5,5,Low
10/12/2023,NTC001050,Loyalty,M,Cyber services,Cash,No,2,20,40,Low
10/12/2023,NTC001051,Loyalty,F,Online support services,Cash,Yes,1,20,20,Low
10/13/2023,NTC001052,Non-loyalty,M,Stationery & Office Supplies,Cash,Yes,1,40,40,Low
10/13/2023,NTC001053,Loyalty,M,Stationery & Office Supplies,Mobile Money,No,3,25,75,Low
10/13/2023,NTC001054,Loyalty,M,Stationery & Office Supplies,Cash,Yes,1,250,250,High
10/13/2023,NTC001055,Loyalty,M,Stationery & Office Supplies,Cash,No,2,250,500,High
10/13/2023,NTC001056,Loyalty,M,Cyber services,Cash,Yes,5,5,25,Low
10/13/2023,NTC001057,Loyalty,F,Stationery & Office Supplies,Cash,Yes,1,10,10,Low
10/13/2023,NTC001058,Non-loyalty,M,Cyber services,Mobile Money,Yes,33,10,330,High
10/13/2023,NTC001059,Non-loyalty,F,Cyber services,Cash,No,1,50,50,Low
10/13/2023,NTC001060,Loyalty,F,Stationery & Office Supplies,Mobile Money,Yes,1,25,25,Low
10/13/2023,NTC001061,Loyalty,M,Cyber services,Cash,Yes,1,5,5,Low
10/14/2023,NTC001062,Non-loyalty,M,Cyber services,Mobile Money,No,244,5,1220,High
10/14/2023,NTC001063,Loyalty,M,Food & Drinks,Mobile Money,No,5,5,25,Low
10/14/2023,NTC001064,Loyalty,M,Cyber services,Cash,No,18,50,900,High
10/14/2023,NTC001065,Non-loyalty,F,Mobile airtime top-up,Cash,No,2,10,20,Low
10/14/2023,NTC001066,Non-loyalty,M,Cyber services,Cash,Yes,13,10,130,High
10/14/2023,NTC001067,Loyalty,M,Mobile airtime top-up,Cash,Yes,1,10,10,Low
10/14/2023,NTC001068,Loyalty,M,Food & Drinks,Mobile Money,Yes,1,80,80,Low
10/14/2023,NTC001069,Loyalty,M,Cyber services,Mobile Money,No,2,50,100,High
10/14/2023,NTC001070,Loyalty,M,Cyber services,Cash,No,10,3,30,Low
10/15/2023,NTC001071,Loyalty,M,Mobile airtime top-up,Cash,No,3,10,30,Low
10/15/2023,NTC001072,Non-loyalty,F,Food & Drinks,Mobile Money,Yes,2,50,100,High
10/15/2023,NTC001073,Loyalty,F,Cyber services,Cash,No,1,50,50,Low
10/15/2023,NTC001074,Non-loyalty,M,Food & Drinks,Mobile Money,No,1,70,70,Low
10/15/2023,NTC001075,Loyalty,M,Food & Drinks,Cash,No,2,5,10,Low
10/15/2023,NTC001076,Loyalty,M,Cyber services,Mobile Money,Yes,3,20,60,Low
10/15/2023,NTC001077,Non-loyalty,F,Online support services,Mobile Money,Yes,1,90,90,High
10/15/2023,NTC001078,Non-loyalty,M,Cyber services,Mobile Money,No,1,5,5,Low
10/15/2023,NTC001079,Loyalty,F,Cyber services,Mobile Money,Yes,7,5,35,Low
10/16/2023,NTC001080,Loyalty,M,Stationery & Office Supplies,Mobile Money,No,10,3,30,Low
10/16/2023,NTC001081,Loyalty,M,Cyber services,Cash,No,7,10,70,Low
10/16/2023,NTC001082,Loyalty,M,Mobile airtime top-up,Mobile Money,Yes,3,10,30,Low
10/16/2023,NTC001083,Loyalty,M,Mobile airtime top-up,Cash,No,1,20,20,Low
10/16/2023,NTC001084,Loyalty,F,Cyber services,Mobile Money,No,1,50,50,Low
10/16/2023,NTC001085,Loyalty,F,Cyber services,Mobile Money,No,1,70,70,Low
10/16/2023,NTC001086,Loyalty,M,Cyber services,Cash,No,4,30,120,High
10/16/2023,NTC001087,Loyalty,M,Cyber services,Cash,No,10,5,50,Low
10/16/2023,NTC001088,Loyalty,F,Cyber services,Cash,No,1,20,20,Low
10/16/2023,NTC001089,Loyalty,F,Food & Drinks,Cash,Yes,4,5,20,Low
10/16/2023,NTC001090,Loyalty,F,Stationery & Office Supplies,Mobile Money,Yes,1,30,30,Low
10/16/2023,NTC001091,Loyalty,F,Stationery & Office Supplies,Cash,Yes,1,50,50,Low
10/16/2023,NTC001092,Loyalty,M,Cyber services,Mobile Money,No,1,10,10,Low
10/16/2023,NTC001093,Non-loyalty,F,Stationery & Office Supplies,Cash,No,2,25,50,Low
10/16/2023,NTC001094,Loyalty,M,Stationery & Office Supplies,Cash,Yes,1,10,10,Low
10/17/2023,NTC001095,Loyalty,F,Cyber services,Mobile Money,No,40,5,200,High
10/17/2023,NTC001096,Loyalty,F,Online support services,Mobile Money,Yes,1,30,30,Low
10/17/2023,NTC001097,Loyalty,F,Mobile airtime top-up,Cash,Yes,1,20,20,Low
10/17/2023,NTC001098,Non-loyalty,F,Food & Drinks,Mobile Money,Yes,2,70,140,High
10/17/2023,NTC001099,Non-loyalty,F,Food & Drinks,Mobile Money,No,2,5,10,Low
10/17/2023,NTC001100,Loyalty,M,Cyber services,Mobile Money,No,13,20,260,High
10/17/2023,NTC001101,Loyalty,M,Food & Drinks,Mobile Money,No,1,70,70,Low
10/17/2023,NTC001102,Loyalty,F,Stationery & Office Supplies,Mobile Money,No,1,50,50,Low
10/17/2023,NTC001103,Loyalty,F,Stationery & Office Supplies,Mobile Money,Yes,8,3,24,Low
10/17/2023,NTC001104,Non-loyalty,M,Cyber services,Mobile Money,No,2,30,60,Low
10/18/2023,NTC001105,Loyalty,F,Cyber services,Mobile Money,Yes,8,30,240,High
10/18/2023,NTC001106,Non-loyalty,F,Stationery & Office Supplies,Cash,Yes,7,25,175,High
10/18/2023,NTC001107,Loyalty,M,Cyber services,Mobile Money,Yes,8,10,80,Low
10/18/2023,NTC001108,Loyalty,F,Cyber services,Cash,Yes,9,5,45,Low
10/18/2023,NTC001109,Non-loyalty,F,Stationery & Office Supplies,Mobile Money,No,1,50,50,Low
10/18/2023,NTC001110,Loyalty,M,Stationery & Office Supplies,Mobile Money,Yes,1,115,115,High
10/18/2023,NTC001111,Loyalty,M,Online support services,Mobile Money,No,5,10,50,Low
10/18/2023,NTC001112,Loyalty,M,Food & Drinks,Mobile Money,No,1,30,30,Low
10/18/2023,NTC001113,Loyalty,F,Cyber services,Cash,No,1,10,10,Low
10/18/2023,NTC001114,Loyalty,M,Food & Drinks,Cash,No,1,80,80,Low
10/18/2023,NTC001115,Non-loyalty,M,Online support services,Mobile Money,Yes,1,50,50,Low
10/18/2023,NTC001116,Loyalty,M,Food & Drinks,Cash,No,2,5,10,Low
10/18/2023,NTC001117,Loyalty,M,Stationery & Office Supplies,Mobile Money,No,1,10,10,Low
10/18/2023,NTC001118,Non-loyalty,M,Mobile airtime top-up,Mobile Money,No,1,100,100,High
10/19/2023,NTC001119,Non-loyalty,M,Cyber services,Cash,Yes,53,5,265,High
10/19/2023,NTC001120,Non-loyalty,F,Cyber services,Cash,Yes,4,30,120,High
10/19/2023,NTC001121,Loyalty,F,Stationery & Office Supplies,Mobile Money,No,4,25,100,High
10/19/2023,NTC001122,Loyalty,M,Mobile airtime top-up,Mobile Money,No,1,100,100,High
10/19/2023,NTC001123,Loyalty,M,Cyber services,Cash,No,6,20,120,High
10/19/2023,NTC001124,Loyalty,M,Online support services,Mobile Money,No,2,50,100,High
10/19/2023,NTC001125,Loyalty,F,Food & Drinks,Cash,Yes,1,80,80,Low
10/19/2023,NTC001126,Non-loyalty,F,Cyber services,Mobile Money,Yes,1,10,10,Low
10/19/2023,NTC001127,Non-loyalty,F,Cyber services,Mobile Money,Yes,4,50,200,High
10/19/2023,NTC001128,Non-loyalty,F,Cyber services,Cash,Yes,31,10,310,High
10/19/2023,NTC001129,Loyalty,F,Food & Drinks,Cash,Yes,1,50,50,Low
10/19/2023,NTC001130,Non-loyalty,F,Cyber services,Cash,No,4,10,40,Low
10/19/2023,NTC001131,Loyalty,F,Stationery & Office Supplies,Mobile Money,No,1,10,10,Low
10/19/2023,NTC001132,Loyalty,F,Stationery & Office Supplies,Mobile Money,Yes,1,750,750,High
10/19/2023,NTC001133,Non-loyalty,F,Stationery & Office Supplies,Mobile Money,No,1,50,50,Low
10/19/2023,NTC001134,Non-loyalty,M,Mobile Accessories,Mobile Money,No,1,200,200,High
10/20/2023,NTC001135,Loyalty,M,Stationery & Office Supplies,Cash,No,2,5,10,Low
10/20/2023,NTC001136,Loyalty,M,Food & Drinks,Mobile Money,Yes,1,80,80,Low
10/20/2023,NTC001137,Non-loyalty,M,Food & Drinks,Mobile Money,Yes,2,5,10,Low
10/20/2023,NTC001138,Loyalty,F,Mobile airtime top-up,Mobile Money,No,1,20,20,Low
10/20/2023,NTC001139,Loyalty,F,Cyber services,Cash,Yes,4,20,80,Low
10/20/2023,NTC001140,Loyalty,M,Cyber services,Mobile Money,No,4,10,40,Low
10/21/2023,NTC001141,Loyalty,F,Food & Drinks,Mobile Money,No,1,50,50,Low
10/21/2023,NTC001142,Loyalty,M,Stationery & Office Supplies,Cash,Yes,1,25,25,Low
10/21/2023,NTC001143,Loyalty,F,Stationery & Office Supplies,Mobile Money,No,1,80,80,Low
10/21/2023,NTC001144,Non-loyalty,M,Stationery & Office Supplies,Mobile Money,Yes,1,40,40,Low
10/21/2023,NTC001145,Loyalty,F,Cyber services,Cash,Yes,2,5,10,Low
10/21/2023,NTC001146,Loyalty,F,Cyber services,Mobile Money,No,1,10,10,Low
10/21/2023,NTC001147,Loyalty,M,Cyber services,Mobile Money,No,3,10,30,Low
10/21/2023,NTC001148,Loyalty,F,Cyber services,Mobile Money,No,1,20,20,Low
10/23/2023,NTC001149,Loyalty,M,Cyber services,Cash,Yes,4,10,40,Low
10/23/2023,NTC001150,Non-loyalty,M,Cyber services,Mobile Money,Yes,61,5,305,High
10/23/2023,NTC001151,Loyalty,M,Cyber services,Mobile Money,No,5,10,50,Low
10/23/2023,NTC001152,Non-loyalty,M,Mobile airtime top-up,Cash,Yes,2,20,40,Low
10/23/2023,NTC001153,Loyalty,F,Mobile airtime top-up,Cash,Yes,1,10,10,Low
10/23/2023,NTC001154,Non-loyalty,F,Mobile Accessories,Mobile Money,No,1,160,160,High
10/23/2023,NTC001155,Loyalty,F,Food & Drinks,Mobile Money,No,1,70,70,Low
10/23/2023,NTC001156,Loyalty,M,Cyber services,Mobile Money,No,1,50,50,Low
10/23/2023,NTC001157,Non-loyalty,F,Food & Drinks,Mobile Money,Yes,1,5,5,Low
10/23/2023,NTC001158,Loyalty,M,Cyber services,Cash,Yes,1,80,80,Low
10/24/2023,NTC001159,Loyalty,F,Stationery & Office Supplies,Mobile Money,Yes,2,10,20,Low
10/24/2023,NTC001160,Loyalty,F,Cyber services,Cash,Yes,4,10,40,Low
10/24/2023,NTC001161,Loyalty,F,Stationery & Office Supplies,Cash,Yes,3,20,60,Low
10/24/2023,NTC001162,Non-loyalty,M,Cyber services,Mobile Money,Yes,3,30,90,High
10/24/2023,NTC001163,Non-loyalty,F,Cyber services,Mobile Money,Yes,1,5,5,Low
10/24/2023,NTC001164,Loyalty,F,Mobile airtime top-up,Cash,Yes,1,20,20,Low
10/24/2023,NTC001165,Non-loyalty,M,Cyber services,Cash,No,4,20,80,Low
10/24/2023,NTC001166,Non-loyalty,F,Cyber services,Mobile Money,No,7,20,140,High
10/24/2023,NTC001167,Loyalty,M,Stationery & Office Supplies,Cash,Yes,20,3,60,Low
10/24/2023,NTC001168,Loyalty,F,Stationery & Office Supplies,Mobile Money,No,1,5,5,Low
10/24/2023,NTC001169,Loyalty,M,Cyber services,Mobile Money,Yes,1,100,100,High
10/24/2023,NTC001170,Loyalty,M,Food & Drinks,Cash,Yes,1,5,5,Low
10/25/2023,NTC001171,Loyalty,F,Stationery & Office Supplies,Cash,Yes,1,10,10,Low
10/25/2023,NTC001172,Loyalty,M,Cyber services,Mobile Money,Yes,13,5,65,Low
10/25/2023,NTC001173,Loyalty,M,Online support services,Cash,No,5,10,50,Low
10/25/2023,NTC001174,Loyalty,M,Mobile airtime top-up,Mobile Money,No,2,10,20,Low
10/25/2023,NTC001175,Loyalty,M,Mobile airtime top-up,Mobile Money,Yes,1,20,20,Low
10/25/2023,NTC001176,Loyalty,M,Cyber services,Mobile Money,No,2,10,20,Low
10/25/2023,NTC001177,Loyalty,M,Food & Drinks,Cash,Yes,2,5,10,Low
10/26/2023,NTC001178,Loyalty,F,Food & Drinks,Mobile Money,No,2,50,100,High
10/26/2023,NTC001179,Loyalty,M,Food & Drinks,Mobile Money,No,1,80,80,Low
10/26/2023,NTC001180,Loyalty,M,Cyber services,Mobile Money,Yes,2,20,40,Low
10/26/2023,NTC001181,Loyalty,F,Online support services,Mobile Money,No,7,10,70,Low
10/26/2023,NTC001182,Non-loyalty,F,Cyber services,Mobile Money,No,2,20,40,Low
10/26/2023,NTC001183,Loyalty,F,Cyber services,Mobile Money,Yes,2,50,100,High
10/26/2023,NTC001184,Loyalty,F,Cyber services,Mobile Money,Yes,10,10,100,High
10/26/2023,NTC001185,Loyalty,F,Mobile airtime top-up,Mobile Money,Yes,2,10,20,Low
10/26/2023,NTC001186,Loyalty,F,Cyber services,Mobile Money,No,1,10,10,Low
10/27/2023,NTC001187,Non-loyalty,F,Stationery & Office Supplies,Mobile Money,No,2,10,20,Low
10/27/2023,NTC001188,Loyalty,M,Cyber services,Mobile Money,Yes,7,5,35,Low
10/27/2023,NTC001189,Loyalty,M,Cyber services,Cash,Yes,14,10,140,High
10/27/2023,NTC001190,Loyalty,F,Food & Drinks,Mobile Money,No,1,70,70,Low
10/27/2023,NTC001191,Loyalty,M,Food & Drinks,Mobile Money,No,1,70,70,Low
10/27/2023,NTC001192,Loyalty,M,Cyber services,Mobile Money,No,1,50,50,Low
10/27/2023,NTC001193,Loyalty,M,Mobile Accessories,Cash,Yes,1,170,170,High
10/27/2023,NTC001194,Loyalty,F,Cyber services,Mobile Money,Yes,4,5,20,Low
10/27/2023,NTC001195,Loyalty,F,Stationery & Office Supplies,Cash,Yes,2,3,6,Low
10/27/2023,NTC001196,Loyalty,M,Cyber services,Mobile Money,No,1,30,30,Low
10/27/2023,NTC001197,Non-loyalty,F,Stationery & Office Supplies,Mobile Money,No,2,20,40,Low
10/27/2023,NTC001198,Loyalty,M,Stationery & Office Supplies,Cash,No,1,50,50,Low
10/27/2023,NTC001199,Non-loyalty,M,Cyber services,Mobile Money,Yes,1,70,70,Low
10/27/2023,NTC001200,Loyalty,M,Stationery & Office Supplies,Cash,Yes,1,10,10,Low
10/27/2023,NTC001201,Loyalty,M,Mobile airtime top-up,Cash,Yes,1,20,20,Low
10/27/2023,NTC001202,Loyalty,F,Mobile airtime top-up,Mobile Money,No,1,20,20,Low
10/28/2023,NTC001203,Non-loyalty,F,Food & Drinks,Mobile Money,No,3,5,15,Low
10/28/2023,NTC001204,Loyalty,F,Stationery & Office Supplies,Mobile Money,Yes,1,10,10,Low
10/28/2023,NTC001205,Non-loyalty,M,Cyber services,Mobile Money,Yes,2,10,20,Low
10/30/2023,NTC001206,Loyalty,F,Cyber services,Cash,Yes,37,10,370,High
10/30/2023,NTC001207,Loyalty,M,Cyber services,Cash,Yes,2,20,40,Low
10/30/2023,NTC001208,Loyalty,F,Cyber services,Mobile Money,Yes,1,80,80,Low
10/30/2023,NTC001209,Loyalty,M,Stationery & Office Supplies,Cash,No,3,5,15,Low
10/30/2023,NTC001210,Loyalty,M,Cyber services,Cash,No,1,20,20,Low
10/30/2023,NTC001211,Non-loyalty,M,Cyber services,Mobile Money,No,3,10,30,Low
10/30/2023,NTC001212,Non-loyalty,F,Stationery & Office Supplies,Cash,No,2,50,100,High
10/30/2023,NTC001213,Non-loyalty,F,Stationery & Office Supplies,Cash,Yes,20,3,60,Low
10/30/2023,NTC001214,Non-loyalty,F,Stationery & Office Supplies,Mobile Money,Yes,2,10,20,Low
10/30/2023,NTC001215,Loyalty,F,Cyber services,Cash,Yes,1,30,30,Low
10/30/2023,NTC001216,Loyalty,M,Cyber services,Mobile Money,Yes,34,5,170,High
10/30/2023,NTC001217,Non-loyalty,F,Food & Drinks,Cash,No,1,50,50,Low
10/30/2023,NTC001218,Loyalty,F,Cyber services,Mobile Money,No,1,30,30,Low
10/30/2023,NTC001219,Loyalty,M,Stationery & Office Supplies,Cash,Yes,3,20,60,Low
10/30/2023,NTC001220,Loyalty,M,Food & Drinks,Cash,Yes,1,70,70,Low
10/30/2023,NTC001221,Loyalty,M,Food & Drinks,Mobile Money,Yes,1,70,70,Low
10/31/2023,NTC001222,Loyalty,F,Cyber services,Mobile Money,Yes,1,20,20,Low
10/31/2023,NTC001223,Non-loyalty,M,Cyber services,Mobile Money,Yes,1,10,10,Low
10/31/2023,NTC001224,Loyalty,M,Cyber services,Mobile Money,No,2,5,10,Low
10/31/2023,NTC001225,Loyalty,M,Stationery & Office Supplies,Cash,Yes,1,10,10,Low
10/31/2023,NTC001226,Loyalty,F,Food & Drinks,Cash,No,1,30,30,Low
10/31/2023,NTC001227,Loyalty,M,Cyber services,Cash,Yes,4,10,40,Low
10/31/2023,NTC001228,Non-loyalty,F,Cyber services,Mobile Money,No,4,20,80,Low
10/31/2023,NTC001229,Loyalty,F,Stationery & Office Supplies,Cash,Yes,1,50,50,Low
10/31/2023,NTC001230,Loyalty,M,Mobile airtime top-up,Cash,No,2,20,40,Low
11/1/2023,NTC001231,Loyalty,M,Cyber services,Mobile Money,No,61,10,610,High
11/1/2023,NTC001232,Non-loyalty,F,Cyber services,Mobile Money,Yes,7,5,35,Low
11/1/2023,NTC001233,Non-loyalty,M,Food & Drinks,Cash,Yes,1,70,70,Low
11/1/2023,NTC001234,Loyalty,M,Stationery & Office Supplies,Mobile Money,Yes,16,3,48,Low
11/2/2023,NTC001235,Loyalty,F,Cyber services,Cash,No,4,20,80,Low
11/2/2023,NTC001236,Loyalty,F,Cyber services,Cash,No,43,5,215,High
11/2/2023,NTC001237,Non-loyalty,M,Stationery & Office Supplies,Mobile Money,No,3,10,30,Low
11/2/2023,NTC001238,Non-loyalty,F,Cyber services,Cash,Yes,25,10,250,High
11/2/2023,NTC001239,Non-loyalty,M,Online support services,Mobile Money,No,1,20,20,Low
11/2/2023,NTC001240,Loyalty,M,Mobile airtime top-up,Mobile Money,Yes,1,20,20,Low
11/2/2023,NTC001241,Non-loyalty,M,Mobile airtime top-up,Cash,Yes,1,10,10,Low
11/3/2023,NTC001242,Loyalty,F,Cyber services,Cash,Yes,4,5,20,Low
11/3/2023,NTC001243,Loyalty,M,Stationery & Office Supplies,Cash,No,4,3,12,Low
11/3/2023,NTC001244,Loyalty,M,Cyber services,Mobile Money,Yes,9,20,180,High
11/3/2023,NTC001245,Loyalty,M,Cyber services,Cash,Yes,1,10,10,Low
11/4/2023,NTC001246,Non-loyalty,F,Cyber services,Mobile Money,Yes,1,10,10,Low
11/4/2023,NTC001247,Loyalty,F,Online support services,Mobile Money,Yes,1,20,20,Low
11/4/2023,NTC001248,Loyalty,F,Online support services,Cash,No,1,150,150,High
11/4/2023,NTC001249,Non-loyalty,F,Online support services,Mobile Money,No,1,50,50,Low
11/4/2023,NTC001250,Loyalty,F,Cyber services,Cash,Yes,1,30,30,Low
11/4/2023,NTC001251,Non-loyalty,M,Stationery & Office Supplies,Cash,Yes,1,20,20,Low
11/4/2023,NTC001252,Loyalty,F,Stationery & Office Supplies,Cash,No,1,750,750,High
11/6/2023,NTC001253,Non-loyalty,F,Food & Drinks,Cash,No,8,5,40,Low
11/6/2023,NTC001254,Non-loyalty,F,Stationery & Office Supplies,Cash,No,2,10,20,Low
11/6/2023,NTC001255,Loyalty,M,Stationery & Office Supplies,Cash,No,16,3,48,Low
11/6/2023,NTC001256,Loyalty,F,Cyber services,Cash,No,28,10,280,High
11/6/2023,NTC001257,Non-loyalty,F,Cyber services,Mobile Money,No,18,5,90,High
11/6/2023,NTC001258,Loyalty,M,Cyber services,Cash,No,2,10,20,Low
11/6/2023,NTC001259,Loyalty,F,Stationery & Office Supplies,Mobile Money,Yes,1,10,10,Low
11/6/2023,NTC001260,Loyalty,M,Cyber services,Mobile Money,Yes,2,30,60,Low
11/6/2023,NTC001261,Loyalty,M,Stationery & Office Supplies,Mobile Money,Yes,3,5,15,Low
11/6/2023,NTC001262,Loyalty,M,Stationery & Office Supplies,Cash,No,2,20,40,Low
11/6/2023,NTC001263,Loyalty,M,Cyber services,Mobile Money,No,1,20,20,Low
11/6/2023,NTC001264,Non-loyalty,M,Stationery & Office Supplies,Mobile Money,No,1,80,80,Low
11/6/2023,NTC001265,Loyalty,F,Mobile airtime top-up,Cash,Yes,1,20,20,Low
11/6/2023,NTC001266,Loyalty,M,Cyber services,Cash,Yes,12,25,300,High
11/7/2023,NTC001267,Non-loyalty,M,Stationery & Office Supplies,Mobile Money,Yes,2,10,20,Low
11/7/2023,NTC001268,Loyalty,F,Cyber services,Cash,Yes,10,5,50,Low
11/7/2023,NTC001269,Loyalty,M,Cyber services,Cash,Yes,1,10,10,Low
11/7/2023,NTC001270,Loyalty,F,Cyber services,Cash,No,4,10,40,Low
11/7/2023,NTC001271,Loyalty,F,Stationery & Office Supplies,Cash,Yes,4,3,12,Low
11/7/2023,NTC001272,Loyalty,F,Online support services,Mobile Money,Yes,1,30,30,Low
11/7/2023,NTC001273,Loyalty,M,Cyber services,Cash,Yes,1,10,10,Low
11/7/2023,NTC001274,Non-loyalty,M,Cyber services,Cash,No,1,30,30,Low
11/7/2023,NTC001275,Loyalty,M,Stationery & Office Supplies,Cash,Yes,1,25,25,Low
11/7/2023,NTC001276,Non-loyalty,F,Food & Drinks,Mobile Money,No,1,5,5,Low
11/7/2023,NTC001277,Loyalty,M,Cyber services,Mobile Money,Yes,4,20,80,Low
11/7/2023,NTC001278,Non-loyalty,M,Cyber services,Cash,Yes,2,5,10,Low
11/7/2023,NTC001279,Loyalty,M,Mobile airtime top-up,Cash,Yes,1,20,20,Low
11/7/2023,NTC001280,Loyalty,F,Cyber services,Mobile Money,No,1,20,20,Low
11/8/2023,NTC001281,Loyalty,F,Stationery & Office Supplies,Cash,Yes,1,250,250,High
11/8/2023,NTC001282,Loyalty,M,Stationery & Office Supplies,Cash,Yes,10,3,30,Low
11/8/2023,NTC001283,Loyalty,M,Stationery & Office Supplies,Mobile Money,No,2,30,60,Low
11/8/2023,NTC001284,Non-loyalty,M,Online support services,Cash,Yes,1,20,20,Low
11/8/2023,NTC001285,Non-loyalty,M,Cyber services,Cash,No,1,10,10,Low
11/8/2023,NTC001286,Non-loyalty,F,Cyber services,Mobile Money,Yes,5,10,50,Low
11/8/2023,NTC001287,Non-loyalty,F,Cyber services,Mobile Money,Yes,1,20,20,Low
11/8/2023,NTC001288,Loyalty,F,Mobile airtime top-up,Cash,No,2,20,40,Low
11/8/2023,NTC001289,Loyalty,F,Mobile airtime top-up,Mobile Money,No,1,10,10,Low
11/8/2023,NTC001290,Loyalty,M,Cyber services,Cash,No,1,40,40,Low
11/8/2023,NTC001291,Loyalty,M,Stationery & Office Supplies,Cash,No,2,40,80,Low
11/8/2023,NTC001292,Loyalty,M,Stationery & Office Supplies,Cash,Yes,1,30,30,Low
11/9/2023,NTC001293,Loyalty,F,Stationery & Office Supplies,Mobile Money,No,1,50,50,Low
11/9/2023,NTC001294,Loyalty,M,Cyber services,Mobile Money,No,24,5,120,High
11/9/2023,NTC001295,Non-loyalty,F,Cyber services,Cash,No,10,10,100,High
11/9/2023,NTC001296,Loyalty,F,Stationery & Office Supplies,Cash,No,1,10,10,Low
11/10/2023,NTC001297,Loyalty,M,Stationery & Office Supplies,Mobile Money,No,1,10,10,Low
11/10/2023,NTC001298,Non-loyalty,M,Cyber services,Mobile Money,No,16,10,160,High
11/10/2023,NTC001299,Loyalty,M,Mobile airtime top-up,Mobile Money,No,1,20,20,Low
11/10/2023,NTC001300,Loyalty,F,Food & Drinks,Cash,No,2,70,140,High
11/13/2023,NTC001301,Non-loyalty,M,Cyber services,Mobile Money,Yes,1,30,30,Low
11/13/2023,NTC001302,Loyalty,F,Cyber services,Mobile Money,Yes,1,30,30,Low
11/13/2023,NTC001303,Loyalty,M,Mobile airtime top-up,Cash,Yes,1,20,20,Low
11/13/2023,NTC001304,Loyalty,F,Cyber services,Cash,Yes,4,30,120,High
11/13/2023,NTC001305,Loyalty,F,Cyber services,Cash,Yes,4,10,40,Low
11/13/2023,NTC001306,Loyalty,M,Mobile Accessories,Mobile Money,No,1,400,400,High
11/14/2023,NTC001307,Loyalty,F,Cyber services,Cash,Yes,1,100,100,High
11/14/2023,NTC001308,Loyalty,F,Mobile airtime top-up,Cash,No,1,20,20,Low
11/14/2023,NTC001309,Loyalty,M,Cyber services,Cash,Yes,6,10,60,Low
11/14/2023,NTC001310,Non-loyalty,F,Stationery & Office Supplies,Cash,Yes,1,100,100,High
11/14/2023,NTC001311,Non-loyalty,M,Stationery & Office Supplies,Mobile Money,Yes,1,30,30,Low
11/14/2023,NTC001312,Loyalty,F,Cyber services,Cash,Yes,2,5,10,Low
11/14/2023,NTC001313,Loyalty,M,Online support services,Mobile Money,No,1,20,20,Low
11/15/2023,NTC001314,Loyalty,M,Cyber services,Mobile Money,Yes,12,10,120,High
11/15/2023,NTC001315,Loyalty,F,Stationery & Office Supplies,Mobile Money,Yes,1,10,10,Low
11/15/2023,NTC001316,Loyalty,F,Mobile Accessories,Cash,Yes,1,250,250,High
11/15/2023,NTC001317,Non-loyalty,F,Cyber services,Mobile Money,No,4,5,20,Low
11/15/2023,NTC001318,Loyalty,F,Stationery & Office Supplies,Cash,Yes,5,40,200,High
11/15/2023,NTC001319,Loyalty,F,Stationery & Office Supplies,Cash,Yes,1,50,50,Low
11/15/2023,NTC001320,Loyalty,M,Stationery & Office Supplies,Cash,Yes,1,30,30,Low
11/16/2023,NTC001321,Non-loyalty,F,Cyber services,Mobile Money,Yes,1,10,10,Low
11/16/2023,NTC001322,Loyalty,M,Cyber services,Cash,Yes,17,5,85,Low
11/16/2023,NTC001323,Non-loyalty,M,Cyber services,Cash,Yes,61,10,610,High
11/16/2023,NTC001324,Non-loyalty,F,Stationery & Office Supplies,Cash,Yes,3,10,30,Low
11/16/2023,NTC001325,Loyalty,M,Stationery & Office Supplies,Mobile Money,Yes,2,50,100,High
11/16/2023,NTC001326,Loyalty,M,Cyber services,Mobile Money,No,2,20,40,Low
11/16/2023,NTC001327,Loyalty,M,Stationery & Office Supplies,Mobile Money,No,1,50,50,Low
11/16/2023,NTC001328,Loyalty,M,Stationery & Office Supplies,Cash,No,1,10,10,Low
11/16/2023,NTC001329,Non-loyalty,F,Mobile airtime top-up,Mobile Money,No,1,10,10,Low
11/16/2023,NTC001330,Loyalty,M,Stationery & Office Supplies,Cash,No,6,3,18,Low
11/17/2023,NTC001331,Non-loyalty,F,Cyber services,Cash,No,13,5,65,Low
11/17/2023,NTC001332,Loyalty,F,Cyber services,Mobile Money,Yes,12,10,120,High
11/17/2023,NTC001333,Loyalty,M,Stationery & Office Supplies,Cash,No,6,3,18,Low
11/17/2023,NTC001334,Loyalty,F,Cyber services,Mobile Money,No,2,25,50,Low
11/17/2023,NTC001335,Loyalty,F,Stationery & Office Supplies,Cash,No,4,10,40,Low
11/17/2023,NTC001336,Non-loyalty,F,Cyber services,Mobile Money,Yes,2,20,40,Low
11/17/2023,NTC001337,Loyalty,M,Food & Drinks,Cash,No,2,5,10,Low
11/17/2023,NTC001338,Non-loyalty,F,Food & Drinks,Cash,No,1,70,70,Low
11/20/2023,NTC001339,Non-loyalty,F,Cyber services,Cash,Yes,2,20,40,Low
11/20/2023,NTC001340,Loyalty,F,Cyber services,Cash,No,1,100,100,High
11/20/2023,NTC001341,Loyalty,M,Online support services,Cash,Yes,1,30,30,Low
11/20/2023,NTC001342,Non-loyalty,F,Food & Drinks,Mobile Money,No,4,5,20,Low
11/20/2023,NTC001343,Loyalty,M,Cyber services,Cash,Yes,2,20,40,Low
11/20/2023,NTC001344,Non-loyalty,M,Cyber services,Mobile Money,Yes,10,10,100,High
11/21/2023,NTC001345,Non-loyalty,M,Stationery & Office Supplies,Mobile Money,Yes,1,5,5,Low
11/21/2023,NTC001346,Loyalty,M,Cyber services,Mobile Money,Yes,3,10,30,Low
11/21/2023,NTC001347,Loyalty,M,Cyber services,Cash,No,20,5,100,High
11/21/2023,NTC001348,Loyalty,M,Stationery & Office Supplies,Cash,No,1,10,10,Low
11/21/2023,NTC001349,Loyalty,F,Cyber services,Cash,Yes,1,20,20,Low
11/21/2023,NTC001350,Non-loyalty,M,Cyber services,Mobile Money,Yes,2,20,40,Low
11/21/2023,NTC001351,Non-loyalty,F,Food & Drinks,Cash,Yes,1,30,30,Low
11/22/2023,NTC001352,Loyalty,F,Stationery & Office Supplies,Cash,Yes,2,10,20,Low
11/22/2023,NTC001353,Non-loyalty,M,Stationery & Office Supplies,Mobile Money,Yes,2,3,6,Low
11/22/2023,NTC001354,Loyalty,F,Stationery & Office Supplies,Mobile Money,No,1,30,30,Low
11/22/2023,NTC001355,Loyalty,F,Stationery & Office Supplies,Mobile Money,No,2,30,60,Low
11/22/2023,NTC001356,Non-loyalty,F,Cyber services,Mobile Money,Yes,1,10,10,Low
11/22/2023,NTC001357,Loyalty,F,Cyber services,Mobile Money,Yes,3,5,15,Low
11/22/2023,NTC001358,Loyalty,M,Cyber services,Mobile Money,No,7,20,140,High
11/22/2023,NTC001359,Loyalty,F,Cyber services,Cash,No,53,10,530,High
11/22/2023,NTC001360,Non-loyalty,M,Stationery & Office Supplies,Mobile Money,No,2,10,20,Low
11/22/2023,NTC001361,Non-loyalty,F,Cyber services,Cash,Yes,2,10,20,Low
11/22/2023,NTC001362,Loyalty,F,Cyber services,Cash,No,1,50,50,Low
11/22/2023,NTC001363,Loyalty,M,Food & Drinks,Cash,Yes,1,30,30,Low
11/23/2023,NTC001364,Loyalty,F,Cyber services,Mobile Money,No,2,20,40,Low
11/23/2023,NTC001365,Loyalty,F,Online support services,Cash,Yes,1,20,20,Low
11/23/2023,NTC001366,Loyalty,F,Cyber services,Mobile Money,No,1,50,50,Low
11/23/2023,NTC001367,Loyalty,M,Cyber services,Mobile Money,Yes,24,10,240,High
11/23/2023,NTC001368,Non-loyalty,F,Cyber services,Cash,No,2,20,40,Low
11/23/2023,NTC001369,Loyalty,M,Cyber services,Mobile Money,No,1,10,10,Low
11/23/2023,NTC001370,Loyalty,F,Cyber services,Cash,Yes,2,5,10,Low
11/23/2023,NTC001371,Non-loyalty,M,Stationery & Office Supplies,Cash,Yes,1,10,10,Low
11/23/2023,NTC001372,Loyalty,M,Food & Drinks,Mobile Money,Yes,1,30,30,Low
11/24/2023,NTC001373,Loyalty,F,Cyber services,Cash,Yes,1,5,5,Low
11/24/2023,NTC001374,Loyalty,F,Cyber services,Cash,Yes,1,10,10,Low
11/24/2023,NTC001375,Loyalty,M,Cyber services,Cash,Yes,4,10,40,Low
11/24/2023,NTC001376,Loyalty,M,Cyber services,Mobile Money,Yes,1,10,10,Low
11/24/2023,NTC001377,Non-loyalty,F,Cyber services,Cash,No,1,80,80,Low
11/24/2023,NTC001378,Loyalty,M,Mobile Accessories,Mobile Money,No,1,150,150,High
11/25/2023,NTC001379,Non-loyalty,F,Food & Drinks,Mobile Money,Yes,1,70,70,Low
11/25/2023,NTC001380,Loyalty,F,Stationery & Office Supplies,Cash,Yes,3,10,30,Low
11/25/2023,NTC001381,Loyalty,F,Cyber services,Cash,No,6,10,60,Low
11/25/2023,NTC001382,Loyalty,F,Cyber services,Mobile Money,Yes,5,20,100,High
11/25/2023,NTC001383,Loyalty,M,Cyber services,Mobile Money,Yes,10,5,50,Low
11/26/2023,NTC001384,Loyalty,F,Cyber services,Cash,No,3,10,30,Low
11/26/2023,NTC001385,Non-loyalty,M,Cyber services,Cash,Yes,10,5,50,Low
11/27/2023,NTC001386,Non-loyalty,F,Cyber services,Mobile Money,No,31,10,310,High
11/27/2023,NTC001387,Loyalty,M,Cyber services,Mobile Money,Yes,10,5,50,Low
11/27/2023,NTC001388,Loyalty,F,Cyber services,Mobile Money,No,9,20,180,High
11/27/2023,NTC001389,Non-loyalty,M,Stationery & Office Supplies,Mobile Money,Yes,3,10,30,Low
11/27/2023,NTC001390,Loyalty,M,Stationery & Office Supplies,Mobile Money,Yes,8,3,24,Low
11/27/2023,NTC001391,Loyalty,F,Cyber services,Cash,Yes,1,10,10,Low
11/27/2023,NTC001392,Non-loyalty,F,Mobile airtime top-up,Mobile Money,No,3,10,30,Low
11/27/2023,NTC001393,Loyalty,F,Food & Drinks,Mobile Money,Yes,1,50,50,Low
11/27/2023,NTC001394,Loyalty,F,Food & Drinks,Cash,Yes,5,5,25,Low
11/27/2023,NTC001395,Loyalty,M,Food & Drinks,Cash,No,2,30,60,Low
11/27/2023,NTC001396,Loyalty,F,Cyber services,Mobile Money,Yes,1,30,30,Low
11/27/2023,NTC001397,Loyalty,M,Online support services,Mobile Money,Yes,1,40,40,Low
11/28/2023,NTC001398,Loyalty,M,Stationery & Office Supplies,Cash,No,1,10,10,Low
11/28/2023,NTC001399,Loyalty,F,Stationery & Office Supplies,Mobile Money,No,1,10,10,Low
11/28/2023,NTC001400,Loyalty,M,Cyber services,Mobile Money,Yes,5,10,50,Low
11/28/2023,NTC001401,Loyalty,M,Cyber services,Cash,Yes,3,20,60,Low
11/28/2023,NTC001402,Loyalty,M,Cyber services,Mobile Money,Yes,3,10,30,Low
11/28/2023,NTC001403,Loyalty,M,Mobile airtime top-up,Cash,Yes,2,50,100,High
11/28/2023,NTC001404,Non-loyalty,F,Online support services,Cash,No,1,50,50,Low
11/28/2023,NTC001405,Loyalty,F,Cyber services,Cash,Yes,20,5,100,High
11/28/2023,NTC001406,Loyalty,F,Mobile airtime top-up,Cash,Yes,1,20,20,Low
11/28/2023,NTC001407,Loyalty,F,Stationery & Office Supplies,Mobile Money,No,4,3,12,Low
11/28/2023,NTC001408,Loyalty,M,Food & Drinks,Cash,No,1,70,70,Low
11/28/2023,NTC001409,Loyalty,M,Cyber services,Mobile Money,No,1,50,50,Low
11/29/2023,NTC001410,Non-loyalty,F,Stationery & Office Supplies,Mobile Money,No,3,10,30,Low
11/29/2023,NTC001411,Non-loyalty,F,Cyber services,Mobile Money,Yes,87,10,870,High
11/29/2023,NTC001412,Loyalty,F,Stationery & Office Supplies,Mobile Money,Yes,1,10,10,Low
11/29/2023,NTC001413,Non-loyalty,M,Cyber services,Mobile Money,Yes,2,50,100,High
11/29/2023,NTC001414,Loyalty,F,Cyber services,Cash,No,19,20,380,High
11/29/2023,NTC001415,Loyalty,F,Cyber services,Cash,Yes,6,20,120,High
11/29/2023,NTC001416,Loyalty,F,Stationery & Office Supplies,Cash,No,2,3,6,Low
11/29/2023,NTC001417,Loyalty,M,Mobile airtime top-up,Cash,No,1,20,20,Low
11/29/2023,NTC001418,Loyalty,M,Cyber services,Mobile Money,No,6,5,30,Low
11/29/2023,NTC001419,Loyalty,M,Stationery & Office Supplies,Cash,Yes,1,30,30,Low
11/29/2023,NTC001420,Loyalty,M,Stationery & Office Supplies,Mobile Money,No,1,10,10,Low
11/29/2023,NTC001421,Non-loyalty,M,Stationery & Office Supplies,Mobile Money,Yes,2,50,100,High
11/29/2023,NTC001422,Loyalty,M,Stationery & Office Supplies,Cash,No,1,50,50,Low
11/30/2023,NTC001423,Loyalty,M,Stationery & Office Supplies,Cash,Yes,2,5,10,Low
11/30/2023,NTC001424,Loyalty,M,Stationery & Office Supplies,Cash,No,2,10,20,Low
11/30/2023,NTC001425,Loyalty,F,Cyber services,Cash,No,2,20,40,Low
11/30/2023,NTC001426,Non-loyalty,F,Cyber services,Mobile Money,No,24,10,240,High
11/30/2023,NTC001427,Loyalty,M,Cyber services,Mobile Money,Yes,1,70,70,Low
11/30/2023,NTC001428,Non-loyalty,M,Food & Drinks,Cash,No,1,50,50,Low
11/30/2023,NTC001429,Loyalty,F,Cyber services,Mobile Money,No,12,5,60,Low
11/30/2023,NTC001430,Loyalty,M,Food & Drinks,Mobile Money,Yes,1,70,70,Low
11/30/2023,NTC001431,Non-loyalty,M,Food & Drinks,Mobile Money,No,2,5,10,Low
12/1/2023,NTC001432,Loyalty,M,Stationery & Office Supplies,Cash,No,8,3,24,Low
12/1/2023,NTC001433,Non-loyalty,F,Cyber services,Mobile Money,Yes,5,10,50,Low
12/1/2023,NTC001434,Loyalty,F,Stationery & Office Supplies,Cash,Yes,6,10,60,Low
12/1/2023,NTC001435,Loyalty,F,Cyber services,Cash,Yes,24,5,120,High
12/1/2023,NTC001436,Loyalty,F,Cyber services,Mobile Money,No,2,20,40,Low
12/1/2023,NTC001437,Loyalty,F,Cyber services,Mobile Money,Yes,2,10,20,Low
12/1/2023,NTC001438,Loyalty,M,Cyber services,Cash,Yes,2,25,50,Low
12/4/2023,NTC001439,Non-loyalty,F,Stationery & Office Supplies,Mobile Money,No,3,10,30,Low
12/4/2023,NTC001440,Non-loyalty,M,Cyber services,Mobile Money,No,2,10,20,Low
12/4/2023,NTC001441,Non-loyalty,M,Cyber services,Cash,Yes,7,10,70,Low
12/4/2023,NTC001442,Loyalty,F,Food & Drinks,Cash,No,1,30,30,Low
12/4/2023,NTC001443,Loyalty,F,Cyber services,Cash,Yes,2,20,40,Low
12/4/2023,NTC001444,Loyalty,M,Cyber services,Cash,No,27,5,135,High
12/4/2023,NTC001445,Non-loyalty,M,Mobile airtime top-up,Mobile Money,No,2,20,40,Low
12/4/2023,NTC001446,Non-loyalty,M,Mobile airtime top-up,Mobile Money,No,1,10,10,Low
12/4/2023,NTC001447,Loyalty,F,Food & Drinks,Cash,Yes,3,5,15,Low
12/5/2023,NTC001448,Loyalty,F,Cyber services,Cash,Yes,3,10,30,Low
12/5/2023,NTC001449,Non-loyalty,F,Cyber services,Cash,No,1,10,10,Low
12/5/2023,NTC001450,Non-loyalty,F,Cyber services,Mobile Money,Yes,6,5,30,Low
12/5/2023,NTC001451,Loyalty,F,Stationery & Office Supplies,Cash,No,1,30,30,Low
12/5/2023,NTC001452,Loyalty,M,Cyber services,Mobile Money,Yes,3,20,60,Low
12/5/2023,NTC001453,Non-loyalty,F,Food & Drinks,Cash,No,3,5,15,Low
12/5/2023,NTC001454,Loyalty,M,Mobile airtime top-up,Cash,No,1,20,20,Low
12/5/2023,NTC001455,Loyalty,M,Mobile airtime top-up,Cash,Yes,1,20,20,Low
12/5/2023,NTC001456,Loyalty,M,Stationery & Office Supplies,Mobile Money,Yes,2,10,20,Low
12/5/2023,NTC001457,Loyalty,F,Cyber services,Mobile Money,Yes,2,10,20,Low
12/5/2023,NTC001458,Loyalty,F,Cyber services,Mobile Money,Yes,12,20,240,High
12/5/2023,NTC001459,Loyalty,F,Cyber services,Cash,Yes,2,30,60,Low
12/5/2023,NTC001460,Non-loyalty,M,Online support services,Mobile Money,Yes,1,20,20,Low
12/5/2023,NTC001461,Loyalty,M,Food & Drinks,Mobile Money,No,1,30,30,Low
12/5/2023,NTC001462,Loyalty,M,Food & Drinks,Cash,Yes,1,70,70,Low
12/6/2023,NTC001463,Loyalty,M,Cyber services,Cash,No,1,20,20,Low
12/6/2023,NTC001464,Non-loyalty,M,Cyber services,Mobile Money,Yes,12,20,240,High
12/6/2023,NTC001465,Loyalty,M,Stationery & Office Supplies,Mobile Money,Yes,11,10,110,High
12/6/2023,NTC001466,Non-loyalty,F,Cyber services,Mobile Money,No,11,10,110,High
12/6/2023,NTC001467,Loyalty,F,Cyber services,Mobile Money,Yes,4,10,40,Low
12/6/2023,NTC001468,Loyalty,F,Cyber services,Cash,Yes,122,5,610,High
12/6/2023,NTC001469,Loyalty,F,Stationery & Office Supplies,Cash,No,1,250,250,High
12/6/2023,NTC001470,Loyalty,M,Online support services,Cash,No,1,150,150,High
12/6/2023,NTC001471,Loyalty,M,Cyber services,Mobile Money,Yes,3,25,75,Low
12/6/2023,NTC001472,Loyalty,F,Cyber services,Mobile Money,Yes,2,10,20,Low
12/6/2023,NTC001473,Loyalty,M,Stationery & Office Supplies,Cash,Yes,8,3,24,Low
12/7/2023,NTC001474,Loyalty,F,Cyber services,Cash,No,3,50,150,High
12/7/2023,NTC001475,Loyalty,F,Cyber services,Mobile Money,Yes,2,50,100,High
12/7/2023,NTC001476,Loyalty,F,Stationery & Office Supplies,Mobile Money,No,3,10,30,Low
12/7/2023,NTC001477,Loyalty,M,Online support services,Cash,No,2,50,100,High
12/7/2023,NTC001478,Loyalty,F,Online support services,Cash,No,2,200,400,High
12/7/2023,NTC001479,Loyalty,F,Cyber services,Cash,No,2,20,40,Low
12/7/2023,NTC001480,Loyalty,F,Cyber services,Mobile Money,Yes,6,10,60,Low
12/7/2023,NTC001481,Loyalty,M,Cyber services,Mobile Money,Yes,12,5,60,Low
12/7/2023,NTC001482,Loyalty,M,Food & Drinks,Mobile Money,Yes,2,50,100,High
12/7/2023,NTC001483,Non-loyalty,F,Mobile airtime top-up,Mobile Money,No,1,10,10,Low
12/7/2023,NTC001484,Loyalty,M,Food & Drinks,Mobile Money,Yes,1,30,30,Low
12/7/2023,NTC001485,Loyalty,M,Food & Drinks,Mobile Money,Yes,1,50,50,Low
12/8/2023,NTC001486,Loyalty,M,Cyber services,Cash,No,63,5,315,High
12/8/2023,NTC001487,Loyalty,M,Cyber services,Cash,Yes,7,10,70,Low
12/8/2023,NTC001488,Loyalty,M,Cyber services,Mobile Money,No,3,10,30,Low
12/8/2023,NTC001489,Non-loyalty,M,Stationery & Office Supplies,Cash,No,1,60,60,Low
12/8/2023,NTC001490,Loyalty,M,Cyber services,Mobile Money,Yes,3,20,60,Low
12/8/2023,NTC001491,Loyalty,M,Stationery & Office Supplies,Cash,No,1,10,10,Low
12/8/2023,NTC001492,Loyalty,M,Mobile airtime top-up,Mobile Money,No,1,10,10,Low
12/8/2023,NTC001493,Non-loyalty,M,Cyber services,Cash,No,1,10,10,Low
12/8/2023,NTC001494,Non-loyalty,F,Cyber services,Cash,No,1,1200,1200,High
12/9/2023,NTC001495,Loyalty,F,Cyber services,Mobile Money,Yes,1,20,20,Low
12/9/2023,NTC001496,Non-loyalty,M,Cyber services,Mobile Money,No,1,20,20,Low
12/9/2023,NTC001497,Loyalty,F,Cyber services,Cash,Yes,1,5,5,Low
12/9/2023,NTC001498,Loyalty,F,Cyber services,Cash,No,1,5,5,Low
12/9/2023,NTC001499,Non-loyalty,M,Food & Drinks,Mobile Money,Yes,4,5,20,Low
12/9/2023,NTC001500,Non-loyalty,M,Stationery & Office Supplies,Cash,Yes,1,250,250,High
12/9/2023,NTC001501,Non-loyalty,M,Mobile airtime top-up,Mobile Money,Yes,1,10,10,Low
12/10/2023,NTC001502,Non-loyalty,F,Cyber services,Mobile Money,No,1,1200,1200,High
12/11/2023,NTC001503,Loyalty,F,Cyber services,Cash,No,145,5,725,High
12/11/2023,NTC001504,Non-loyalty,M,Stationery & Office Supplies,Mobile Money,Yes,1,10,10,Low
12/11/2023,NTC001505,Loyalty,M,Cyber services,Cash,Yes,1,10,10,Low
12/11/2023,NTC001506,Loyalty,M,Stationery & Office Supplies,Cash,Yes,1,10,10,Low
12/11/2023,NTC001507,Non-loyalty,F,Stationery & Office Supplies,Mobile Money,No,5,5,25,Low
12/11/2023,NTC001508,Loyalty,F,Food & Drinks,Cash,No,2,60,120,High
12/11/2023,NTC001509,Non-loyalty,F,Stationery & Office Supplies,Mobile Money,No,2,100,200,High
12/11/2023,NTC001510,Loyalty,F,Cyber services,Mobile Money,Yes,3,20,60,Low
12/11/2023,NTC001511,Loyalty,M,Cyber services,Mobile Money,No,1,20,20,Low
12/11/2023,NTC001512,Loyalty,M,Food & Drinks,Cash,Yes,1,30,30,Low
12/11/2023,NTC001513,Non-loyalty,M,Cyber services,Mobile Money,Yes,1,100,100,High
12/11/2023,NTC001514,Non-loyalty,M,Food & Drinks,Cash,No,1,70,70,Low
12/11/2023,NTC001515,Loyalty,F,Cyber services,Mobile Money,No,1,10,10,Low
12/11/2023,NTC001516,Loyalty,F,Mobile airtime top-up,Mobile Money,No,2,50,100,High
12/12/2023,NTC001517,Non-loyalty,M,Stationery & Office Supplies,Mobile Money,Yes,2,10,20,Low
12/12/2023,NTC001518,Loyalty,M,Cyber services,Cash,Yes,1,50,50,Low
12/12/2023,NTC001519,Loyalty,F,Cyber services,Cash,Yes,1,10,10,Low
12/12/2023,NTC001520,Loyalty,M,Cyber services,Mobile Money,No,1,100,100,High
12/12/2023,NTC001521,Loyalty,F,Cyber services,Mobile Money,No,3,20,60,Low
12/12/2023,NTC001522,Loyalty,M,Food & Drinks,Cash,No,2,60,120,High
12/12/2023,NTC001523,Loyalty,M,Cyber services,Cash,Yes,1,20,20,Low
12/12/2023,NTC001524,Loyalty,M,Cyber services,Cash,Yes,1,10,10,Low
12/12/2023,NTC001525,Loyalty,M,Cyber services,Mobile Money,No,2,5,10,Low
12/13/2023,NTC001526,Loyalty,M,Cyber services,Cash,No,4,10,40,Low
12/13/2023,NTC001527,Loyalty,M,Cyber services,Mobile Money,Yes,13,5,65,Low
12/13/2023,NTC001528,Loyalty,M,Stationery & Office Supplies,Cash,Yes,2,10,20,Low
12/13/2023,NTC001529,Loyalty,F,Food & Drinks,Mobile Money,No,6,5,30,Low
12/13/2023,NTC001530,Loyalty,F,Cyber services,Mobile Money,No,10,20,200,High
12/13/2023,NTC001531,Loyalty,F,Cyber services,Mobile Money,No,3,10,30,Low
12/13/2023,NTC001532,Non-loyalty,F,Cyber services,Cash,Yes,1,20,20,Low
12/13/2023,NTC001533,Loyalty,F,Stationery & Office Supplies,Cash,No,1,250,250,High
12/14/2023,NTC001534,Loyalty,M,Stationery & Office Supplies,Cash,Yes,4,10,40,Low
12/14/2023,NTC001535,Loyalty,M,Cyber services,Mobile Money,Yes,11,10,110,High
12/14/2023,NTC001536,Non-loyalty,F,Stationery & Office Supplies,Mobile Money,No,1,10,10,Low
12/14/2023,NTC001537,Non-loyalty,M,Cyber services,Cash,Yes,11,20,220,High
12/14/2023,NTC001538,Non-loyalty,F,Mobile airtime top-up,Mobile Money,Yes,2,10,20,Low
12/14/2023,NTC001539,Non-loyalty,F,Cyber services,Mobile Money,Yes,5,5,25,Low
12/14/2023,NTC001540,Loyalty,M,Stationery & Office Supplies,Mobile Money,No,1,30,30,Low
12/14/2023,NTC001541,Non-loyalty,M,Online support services,Cash,Yes,1,20,20,Low
12/14/2023,NTC001542,Loyalty,M,Mobile airtime top-up,Mobile Money,Yes,2,10,20,Low
12/16/2023,NTC001543,Loyalty,F,Stationery & Office Supplies,Cash,Yes,1,10,10,Low
12/16/2023,NTC001544,Loyalty,M,Cyber services,Cash,Yes,1,20,20,Low
12/16/2023,NTC001545,Non-loyalty,F,Mobile Accessories,Cash,Yes,1,200,200,High
12/16/2023,NTC001546,Loyalty,F,Cyber services,Cash,Yes,10,5,50,Low
12/18/2023,NTC001547,Loyalty,F,Cyber services,Cash,Yes,2,50,100,High
12/18/2023,NTC001548,Non-loyalty,M,Cyber services,Mobile Money,No,5,10,50,Low
12/18/2023,NTC001549,Loyalty,M,Cyber services,Cash,No,25,5,125,High
12/18/2023,NTC001550,Loyalty,F,Cyber services,Cash,No,2,10,20,Low
12/18/2023,NTC001551,Loyalty,M,Stationery & Office Supplies,Cash,Yes,2,10,20,Low
12/18/2023,NTC001552,Loyalty,M,Cyber services,Mobile Money,Yes,2,20,40,Low
12/18/2023,NTC001553,Non-loyalty,M,Cyber services,Mobile Money,No,1,100,100,High
12/18/2023,NTC001554,Non-loyalty,F,Cyber services,Mobile Money,Yes,2,25,50,Low
12/18/2023,NTC001555,Loyalty,F,Cyber services,Mobile Money,No,1,500,500,High
12/18/2023,NTC001556,Loyalty,M,Online support services,Cash,Yes,5,20,100,High
12/18/2023,NTC001557,Non-loyalty,F,Food & Drinks,Cash,No,1,80,80,Low
12/19/2023,NTC001558,Non-loyalty,M,Cyber services,Mobile Money,Yes,2,20,40,Low
12/19/2023,NTC001559,Non-loyalty,M,Cyber services,Mobile Money,No,5,20,100,High
12/19/2023,NTC001560,Non-loyalty,M,Stationery & Office Supplies,Mobile Money,No,1,10,10,Low
12/19/2023,NTC001561,Non-loyalty,M,Cyber services,Mobile Money,No,18,5,90,High
12/19/2023,NTC001562,Non-loyalty,F,Cyber services,Cash,Yes,1,100,100,High
12/19/2023,NTC001563,Loyalty,F,Mobile airtime top-up,Mobile Money,No,2,10,20,Low
12/19/2023,NTC001564,Loyalty,F,Food & Drinks,Mobile Money,Yes,1,30,30,Low
12/19/2023,NTC001565,Loyalty,M,Cyber services,Mobile Money,Yes,26,10,260,High
12/19/2023,NTC001566,Non-loyalty,M,Cyber services,Mobile Money,No,1,80,80,Low
12/19/2023,NTC001567,Loyalty,M,Stationery & Office Supplies,Mobile Money,Yes,1,80,80,Low
12/19/2023,NTC001568,Loyalty,F,Cyber services,Mobile Money,Yes,1,50,50,Low
12/20/2023,NTC001569,Loyalty,M,Cyber services,Mobile Money,No,16,5,80,Low
12/20/2023,NTC001570,Non-loyalty,F,Stationery & Office Supplies,Cash,No,1,10,10,Low
12/20/2023,NTC001571,Non-loyalty,F,Cyber services,Cash,No,4,10,40,Low
12/20/2023,NTC001572,Loyalty,F,Cyber services,Cash,No,3,10,30,Low
12/20/2023,NTC001573,Loyalty,F,Food & Drinks,Cash,No,1,80,80,Low
12/20/2023,NTC001574,Non-loyalty,F,Food & Drinks,Cash,Yes,6,5,30,Low
12/20/2023,NTC001575,Loyalty,F,Mobile airtime top-up,Cash,Yes,2,10,20,Low
12/20/2023,NTC001576,Loyalty,M,Cyber services,Mobile Money,No,1,50,50,Low
12/20/2023,NTC001577,Loyalty,M,Online support services,Mobile Money,Yes,1,20,20,Low
12/21/2023,NTC001578,Loyalty,F,Cyber services,Cash,No,17,10,170,High
12/21/2023,NTC001579,Loyalty,F,Cyber services,Mobile Money,No,2,5,10,Low
12/21/2023,NTC001580,Loyalty,M,Stationery & Office Supplies,Cash,Yes,1,60,60,Low
12/21/2023,NTC001581,Loyalty,F,Cyber services,Mobile Money,No,6,10,60,Low
12/21/2023,NTC001582,Non-loyalty,F,Stationery & Office Supplies,Mobile Money,No,1,10,10,Low
12/21/2023,NTC001583,Loyalty,M,Cyber services,Mobile Money,Yes,15,20,300,High
12/21/2023,NTC001584,Loyalty,F,Online support services,Mobile Money,No,1,20,20,Low
12/26/2023,NTC001585,Loyalty,F,Cyber services,Mobile Money,No,18,5,90,High
12/26/2023,NTC001586,Loyalty,F,Cyber services,Mobile Money,No,2,10,20,Low
12/26/2023,NTC001587,Loyalty,M,Stationery & Office Supplies,Cash,No,1,10,10,Low
12/26/2023,NTC001588,Loyalty,M,Stationery & Office Supplies,Cash,Yes,1,10,10,Low
12/26/2023,NTC001589,Loyalty,M,Food & Drinks,Mobile Money,Yes,1,80,80,Low
12/26/2023,NTC001590,Loyalty,F,Food & Drinks,Cash,No,2,5,10,Low
12/26/2023,NTC001591,Non-loyalty,F,Cyber services,Mobile Money,Yes,1,100,100,High
12/28/2023,NTC001592,Loyalty,M,Online support services,Cash,No,1,20,20,Low
12/28/2023,NTC001593,Loyalty,F,Cyber services,Mobile Money,No,38,5,190,High
12/28/2023,NTC001594,Loyalty,F,Cyber services,Cash,No,2,10,20,Low
12/28/2023,NTC001595,Loyalty,F,Cyber services,Mobile Money,Yes,1,10,10,Low
12/28/2023,NTC001596,Non-loyalty,F,Cyber services,Cash,Yes,4,20,80,Low
12/28/2023,NTC001597,Non-loyalty,F,Online support services,Mobile Money,No,1,100,100,High
12/28/2023,NTC001598,Non-loyalty,M,Food & Drinks,Cash,Yes,1,80,80,Low
12/29/2023,NTC001599,Non-loyalty,F,Cyber services,Mobile Money,Yes,1,50,50,Low
12/29/2023,NTC001600,Non-loyalty,M,Cyber services,Mobile Money,No,3,10,30,Low
12/29/2023,NTC001601,Non-loyalty,F,Cyber services,Mobile Money,Yes,1,100,100,High
12/29/2023,NTC001602,Non-loyalty,M,Stationery & Office Supplies,Cash,Yes,1,10,10,Low
12/29/2023,NTC001603,Non-loyalty,F,Cyber services,Cash,No,1,20,20,Low
12/29/2023,NTC001604,Loyalty,M,Mobile airtime top-up,Cash,No,2,20,40,Low
12/29/2023,NTC001605,Loyalty,F,Mobile airtime top-up,Mobile Money,No,1,10,10,Low
1/2/2024,NTC001606,Non-loyalty,M,Food & Drinks,Cash,No,1,80,80,Low
1/2/2024,NTC001607,Non-loyalty,F,Cyber services,Mobile Money,Yes,7,10,70,Low
1/2/2024,NTC001608,Loyalty,M,Stationery & Office Supplies,Cash,Yes,1,10,10,Low
1/2/2024,NTC001609,Loyalty,F,Cyber services,Cash,No,20,5,100,High
1/2/2024,NTC001610,Loyalty,M,Cyber services,Cash,No,7,10,70,Low
1/2/2024,NTC001611,Loyalty,M,Cyber services,Cash,Yes,2,20,40,Low
1/3/2024,NTC001612,Non-loyalty,F,Online support services,Mobile Money,Yes,2,50,100,High
1/3/2024,NTC001613,Loyalty,F,Online support services,Cash,No,1,20,20,Low
1/3/2024,NTC001614,Loyalty,M,Food & Drinks,Cash,No,5,5,25,Low
1/3/2024,NTC001615,Non-loyalty,F,Cyber services,Mobile Money,Yes,1,80,80,Low
1/3/2024,NTC001616,Non-loyalty,M,Food & Drinks,Mobile Money,Yes,1,80,80,Low
1/3/2024,NTC001617,Non-loyalty,M,Online support services,Cash,Yes,1,30,30,Low
1/3/2024,NTC001618,Non-loyalty,M,Cyber services,Cash,Yes,72,5,360,High
1/3/2024,NTC001619,Loyalty,F,Cyber services,Mobile Money,Yes,10,10,100,High
1/3/2024,NTC001620,Loyalty,M,Cyber services,Mobile Money,No,18,10,180,High
1/3/2024,NTC001621,Loyalty,M,Stationery & Office Supplies,Mobile Money,Yes,10,10,100,High
1/3/2024,NTC001622,Loyalty,F,Cyber services,Cash,Yes,6,20,120,High
1/3/2024,NTC001623,Loyalty,F,Stationery & Office Supplies,Cash,Yes,1,5,5,Low
1/3/2024,NTC001624,Loyalty,F,Cyber services,Cash,Yes,5,20,100,High
1/3/2024,NTC001625,Loyalty,F,Food & Drinks,Mobile Money,Yes,1,60,60,Low
1/3/2024,NTC001626,Loyalty,M,Cyber services,Mobile Money,Yes,1,80,80,Low
1/3/2024,NTC001627,Non-loyalty,M,Stationery & Office Supplies,Mobile Money,Yes,1,10,10,Low
1/3/2024,NTC001628,Loyalty,M,Online support services,Cash,Yes,1,150,150,High
1/3/2024,NTC001629,Non-loyalty,M,Food & Drinks,Mobile Money,No,1,70,70,Low
1/4/2024,NTC001630,Non-loyalty,F,Cyber services,Cash,Yes,20,10,200,High
1/4/2024,NTC001631,Non-loyalty,M,Cyber services,Mobile Money,Yes,19,5,95,High
1/4/2024,NTC001632,Non-loyalty,M,Cyber services,Cash,No,5,10,50,Low
1/4/2024,NTC001633,Loyalty,F,Stationery & Office Supplies,Cash,Yes,27,5,135,High
1/4/2024,NTC001634,Loyalty,M,Mobile airtime top-up,Mobile Money,Yes,1,10,10,Low
1/4/2024,NTC001635,Non-loyalty,M,Mobile airtime top-up,Cash,Yes,3,20,60,Low
1/4/2024,NTC001636,Loyalty,M,Online support services,Mobile Money,No,1,30,30,Low
1/4/2024,NTC001637,Non-loyalty,M,Cyber services,Cash,Yes,5,20,100,High
1/4/2024,NTC001638,Loyalty,M,Stationery & Office Supplies,Mobile Money,Yes,1,70,70,Low
1/4/2024,NTC001639,Loyalty,M,Food & Drinks,Mobile Money,No,1,80,80,Low
1/4/2024,NTC001640,Loyalty,F,Stationery & Office Supplies,Cash,Yes,2,10,20,Low
1/4/2024,NTC001641,Loyalty,F,Food & Drinks,Mobile Money,No,1,70,70,Low
1/5/2024,NTC001642,Loyalty,M,Cyber services,Cash,No,6,10,60,Low
1/5/2024,NTC001643,Loyalty,M,Cyber services,Mobile Money,No,1,10,10,Low
1/5/2024,NTC001644,Loyalty,F,Cyber services,Mobile Money,No,14,5,70,Low
1/5/2024,NTC001645,Loyalty,M,Stationery & Office Supplies,Mobile Money,No,1,10,10,Low
1/5/2024,NTC001646,Loyalty,M,Cyber services,Mobile Money,No,15,10,150,High
1/5/2024,NTC001647,Loyalty,M,Cyber services,Cash,Yes,5,20,100,High
1/5/2024,NTC001648,Non-loyalty,F,Mobile Accessories,Mobile Money,No,1,200,200,High
1/5/2024,NTC001649,Non-loyalty,M,Mobile Accessories,Mobile Money,No,1,350,350,High
1/5/2024,NTC001650,Loyalty,F,Cyber services,Cash,Yes,1,10,10,Low
1/5/2024,NTC001651,Loyalty,M,Cyber services,Cash,No,21,25,525,High
1/5/2024,NTC001652,Loyalty,F,Online support services,Cash,Yes,1,10,10,Low
1/6/2024,NTC001653,Loyalty,F,Cyber services,Cash,Yes,18,5,90,High
1/6/2024,NTC001654,Loyalty,M,Cyber services,Cash,Yes,1,10,10,Low
1/6/2024,NTC001655,Non-loyalty,F,Cyber services,Cash,Yes,2,10,20,Low
1/6/2024,NTC001656,Loyalty,M,Food & Drinks,Mobile Money,No,1,70,70,Low
1/6/2024,NTC001657,Loyalty,F,Cyber services,Cash,No,1,80,80,Low
1/6/2024,NTC001658,Loyalty,M,Stationery & Office Supplies,Mobile Money,Yes,1,5,5,Low
1/6/2024,NTC001659,Non-loyalty,M,Food & Drinks,Cash,Yes,1,30,30,Low
1/6/2024,NTC001660,Loyalty,F,Stationery & Office Supplies,Mobile Money,No,1,10,10,Low
1/8/2024,NTC001661,Non-loyalty,M,Online support services,Mobile Money,Yes,2,20,40,Low
1/8/2024,NTC001662,Loyalty,M,Cyber services,Mobile Money,No,1,50,50,Low
1/8/2024,NTC001663,Loyalty,F,Cyber services,Cash,No,11,10,110,High
1/8/2024,NTC001664,Loyalty,M,Cyber services,Cash,Yes,22,5,110,High
1/8/2024,NTC001665,Loyalty,M,Cyber services,Cash,Yes,2,50,100,High
1/8/2024,NTC001666,Loyalty,F,Online support services,Cash,Yes,1,50,50,Low
1/8/2024,NTC001667,Non-loyalty,F,Cyber services,Mobile Money,Yes,5,20,100,High
1/8/2024,NTC001668,Loyalty,M,Cyber services,Cash,No,1,70,70,Low
1/8/2024,NTC001669,Loyalty,M,Stationery & Office Supplies,Mobile Money,Yes,4,10,40,Low
1/8/2024,NTC001670,Loyalty,F,Cyber services,Mobile Money,No,1,10,10,Low
1/8/2024,NTC001671,Loyalty,F,Cyber services,Cash,Yes,2,10,20,Low
1/8/2024,NTC001672,Loyalty,M,Food & Drinks,Cash,Yes,3,60,180,High
1/8/2024,NTC001673,Loyalty,F,Cyber services,Cash,No,1,20,20,Low
1/8/2024,NTC001674,Loyalty,M,Mobile Accessories,Mobile Money,No,1,200,200,High
1/8/2024,NTC001675,Loyalty,M,Food & Drinks,Cash,No,1,80,80,Low
1/8/2024,NTC001676,Loyalty,M,Cyber services,Mobile Money,Yes,1,30,30,Low
1/8/2024,NTC001677,Loyalty,M,Stationery & Office Supplies,Cash,Yes,4,3,12,Low
1/8/2024,NTC001678,Loyalty,M,Stationery & Office Supplies,Mobile Money,Yes,7,80,560,High
1/9/2024,NTC001679,Loyalty,F,Cyber services,Cash,No,34,5,170,High
1/9/2024,NTC001680,Non-loyalty,F,Cyber services,Cash,No,32,10,320,High
1/9/2024,NTC001681,Loyalty,F,Food & Drinks,Mobile Money,Yes,1,70,70,Low
1/9/2024,NTC001682,Loyalty,F,Cyber services,Cash,No,40,3,120,High
1/9/2024,NTC001683,Loyalty,M,Cyber services,Cash,Yes,1,10,10,Low
1/9/2024,NTC001684,Loyalty,M,Stationery & Office Supplies,Cash,Yes,4,50,200,High
1/9/2024,NTC001685,Loyalty,M,Stationery & Office Supplies,Cash,No,1,10,10,Low
1/9/2024,NTC001686,Non-loyalty,M,Stationery & Office Supplies,Cash,No,3,10,30,Low
1/9/2024,NTC001687,Loyalty,F,Mobile Accessories,Cash,Yes,1,1000,1000,High
1/9/2024,NTC001688,Loyalty,M,Stationery & Office Supplies,Cash,Yes,7,30,210,High
1/9/2024,NTC001689,Non-loyalty,M,Stationery & Office Supplies,Mobile Money,No,1,300,300,High
1/9/2024,NTC001690,Loyalty,F,Stationery & Office Supplies,Mobile Money,No,1,70,70,Low
1/9/2024,NTC001691,Loyalty,F,Stationery & Office Supplies,Cash,Yes,6,50,300,High
1/9/2024,NTC001692,Loyalty,F,Stationery & Office Supplies,Cash,Yes,2,40,80,Low
1/9/2024,NTC001693,Loyalty,F,Cyber services,Cash,No,1,70,70,Low
1/9/2024,NTC001694,Non-loyalty,M,Food & Drinks,Mobile Money,No,2,5,10,Low
1/9/2024,NTC001695,Non-loyalty,M,Food & Drinks,Mobile Money,Yes,1,80,80,Low
1/9/2024,NTC001696,Loyalty,F,Food & Drinks,Cash,No,1,50,50,Low
1/9/2024,NTC001697,Loyalty,M,Food & Drinks,Mobile Money,Yes,1,30,30,Low
1/9/2024,NTC001698,Loyalty,M,Cyber services,Cash,No,1,20,20,Low
1/9/2024,NTC001699,Loyalty,M,Stationery & Office Supplies,Cash,No,2,70,140,High
1/9/2024,NTC001700,Loyalty,F,Stationery & Office Supplies,Cash,No,1,100,100,High
1/9/2024,NTC001701,Non-loyalty,M,Stationery & Office Supplies,Cash,No,1,150,150,High
1/9/2024,NTC001702,Loyalty,F,Stationery & Office Supplies,Mobile Money,No,2,10,20,Low
1/10/2024,NTC001703,Loyalty,M,Stationery & Office Supplies,Mobile Money,Yes,8,50,400,High
1/10/2024,NTC001704,Loyalty,M,Stationery & Office Supplies,Cash,No,3,100,300,High
1/10/2024,NTC001705,Non-loyalty,M,Stationery & Office Supplies,Mobile Money,No,3,10,30,Low
1/10/2024,NTC001706,Loyalty,F,Stationery & Office Supplies,Mobile Money,Yes,3,10,30,Low
1/10/2024,NTC001707,Loyalty,M,Stationery & Office Supplies,Cash,Yes,2,100,200,High
1/10/2024,NTC001708,Non-loyalty,F,Stationery & Office Supplies,Mobile Money,No,2,30,60,Low
1/10/2024,NTC001709,Loyalty,F,Stationery & Office Supplies,Cash,Yes,2,10,20,Low
1/10/2024,NTC001710,Non-loyalty,F,Cyber services,Cash,Yes,62,5,310,High
1/10/2024,NTC001711,Non-loyalty,M,Cyber services,Cash,Yes,19,10,190,High
1/10/2024,NTC001712,Loyalty,M,Cyber services,Cash,Yes,6,10,60,Low
1/10/2024,NTC001713,Loyalty,M,Stationery & Office Supplies,Mobile Money,No,1,30,30,Low
1/10/2024,NTC001714,Loyalty,M,Stationery & Office Supplies,Cash,Yes,7,10,70,Low
1/10/2024,NTC001715,Loyalty,F,Stationery & Office Supplies,Mobile Money,No,1,40,40,Low
1/10/2024,NTC001716,Loyalty,F,Stationery & Office Supplies,Cash,No,1,70,70,Low
1/10/2024,NTC001717,Non-loyalty,F,Food & Drinks,Cash,No,1,80,80,Low
1/10/2024,NTC001718,Loyalty,M,Stationery & Office Supplies,Mobile Money,Yes,4,3,12,Low
1/10/2024,NTC001719,Loyalty,F,Cyber services,Cash,No,1,20,20,Low
1/10/2024,NTC001720,Non-loyalty,M,Mobile airtime top-up,Mobile Money,Yes,2,10,20,Low
1/10/2024,NTC001721,Loyalty,F,Mobile airtime top-up,Mobile Money,No,3,20,60,Low
1/11/2024,NTC001722,Non-loyalty,M,Cyber services,Cash,No,30,5,150,High
1/11/2024,NTC001723,Loyalty,M,Cyber services,Cash,No,3,10,30,Low
1/11/2024,NTC001724,Non-loyalty,F,Cyber services,Cash,Yes,17,10,170,High
1/11/2024,NTC001725,Non-loyalty,F,Stationery & Office Supplies,Cash,No,2,10,20,Low
1/11/2024,NTC001726,Loyalty,F,Cyber services,Cash,Yes,1,50,50,Low
1/11/2024,NTC001727,Loyalty,F,Stationery & Office Supplies,Cash,Yes,2,180,360,High
1/11/2024,NTC001728,Loyalty,M,Online support services,Mobile Money,No,1,10,10,Low
1/11/2024,NTC001729,Loyalty,F,Stationery & Office Supplies,Mobile Money,Yes,1,5,5,Low
1/11/2024,NTC001730,Loyalty,F,Food & Drinks,Cash,Yes,1,30,30,Low
1/11/2024,NTC001731,Loyalty,F,Cyber services,Mobile Money,Yes,1,20,20,Low
1/12/2024,NTC001732,Loyalty,M,Cyber services,Mobile Money,Yes,21,5,105,High
1/12/2024,NTC001733,Non-loyalty,M,Cyber services,Cash,Yes,27,10,270,High
1/12/2024,NTC001734,Non-loyalty,F,Cyber services,Cash,Yes,3,10,30,Low
1/12/2024,NTC001735,Non-loyalty,M,Cyber services,Mobile Money,Yes,5,10,50,Low
1/12/2024,NTC001736,Loyalty,F,Cyber services,Cash,No,6,50,300,High
1/12/2024,NTC001737,Loyalty,M,Cyber services,Mobile Money,No,1,20,20,Low
1/12/2024,NTC001738,Loyalty,M,Online support services,Cash,Yes,1,30,30,Low
1/12/2024,NTC001739,Non-loyalty,M,Stationery & Office Supplies,Mobile Money,Yes,6,3,18,Low
1/12/2024,NTC001740,Non-loyalty,M,Food & Drinks,Mobile Money,No,2,80,160,High
1/12/2024,NTC001741,Loyalty,F,Online support services,Mobile Money,No,1,500,500,High
1/12/2024,NTC001742,Loyalty,F,Online support services,Mobile Money,Yes,1,50,50,Low
1/12/2024,NTC001743,Non-loyalty,F,Online support services,Cash,No,1,20,20,Low
1/12/2024,NTC001744,Non-loyalty,M,Online support services,Cash,Yes,1,50,50,Low
1/12/2024,NTC001745,Non-loyalty,F,Food & Drinks,Mobile Money,No,1,70,70,Low
1/12/2024,NTC001746,Loyalty,F,Cyber services,Mobile Money,Yes,2,20,40,Low
1/15/2024,NTC001747,Non-loyalty,F,Cyber services,Cash,Yes,59,5,295,High
1/15/2024,NTC001748,Non-loyalty,M,Cyber services,Cash,No,7,10,70,Low
1/15/2024,NTC001749,Loyalty,M,Cyber services,Mobile Money,Yes,11,10,110,High
1/15/2024,NTC001750,Loyalty,M,Online support services,Mobile Money,Yes,1,20,20,Low
1/15/2024,NTC001751,Loyalty,F,Cyber services,Mobile Money,Yes,14,20,280,High
1/15/2024,NTC001752,Loyalty,F,Cyber services,Mobile Money,No,9,10,90,High
1/15/2024,NTC001753,Non-loyalty,F,Cyber services,Mobile Money,No,5,20,100,High
1/15/2024,NTC001754,Loyalty,M,Stationery & Office Supplies,Cash,No,1,10,10,Low
1/15/2024,NTC001755,Non-loyalty,M,Stationery & Office Supplies,Mobile Money,Yes,17,130,2210,High
1/15/2024,NTC001756,Loyalty,F,Stationery & Office Supplies,Cash,Yes,1,100,100,High
1/15/2024,NTC001757,Loyalty,M,Stationery & Office Supplies,Cash,No,1,100,100,High
1/15/2024,NTC001758,Loyalty,M,Stationery & Office Supplies,Cash,Yes,8,3,24,Low
1/15/2024,NTC001759,Non-loyalty,M,Stationery & Office Supplies,Mobile Money,No,3,10,30,Low
1/15/2024,NTC001760,Non-loyalty,M,Stationery & Office Supplies,Cash,Yes,5,85,425,High
1/15/2024,NTC001761,Non-loyalty,F,Cyber services,Cash,No,3,50,150,High
1/15/2024,NTC001762,Loyalty,M,Food & Drinks,Cash,Yes,1,70,70,Low
1/16/2024,NTC001763,Loyalty,M,Cyber services,Cash,Yes,36,5,180,High
1/16/2024,NTC001764,Loyalty,M,Cyber services,Mobile Money,No,12,10,120,High
1/16/2024,NTC001765,Loyalty,M,Cyber services,Mobile Money,No,4,10,40,Low
1/16/2024,NTC001766,Non-loyalty,F,Cyber services,Cash,No,4,50,200,High
1/16/2024,NTC001767,Loyalty,F,Cyber services,Cash,Yes,1,40,40,Low
1/16/2024,NTC001768,Non-loyalty,M,Cyber services,Mobile Money,Yes,2,10,20,Low
1/16/2024,NTC001769,Loyalty,M,Stationery & Office Supplies,Mobile Money,Yes,2,30,60,Low
1/16/2024,NTC001770,Non-loyalty,M,Cyber services,Mobile Money,No,14,20,280,High
1/16/2024,NTC001771,Loyalty,M,Online support services,Cash,No,1,45,45,Low
1/17/2024,NTC001772,Loyalty,M,Cyber services,Mobile Money,No,2,5,10,Low
1/17/2024,NTC001773,Non-loyalty,M,Food & Drinks,Cash,No,1,70,70,Low
1/17/2024,NTC001774,Loyalty,F,Food & Drinks,Cash,No,1,80,80,Low
1/17/2024,NTC001775,Non-loyalty,M,Cyber services,Mobile Money,Yes,7,10,70,Low
1/17/2024,NTC001776,Loyalty,F,Cyber services,Cash,No,1,20,20,Low
1/17/2024,NTC001777,Non-loyalty,F,Cyber services,Mobile Money,No,1,30,30,Low
1/17/2024,NTC001778,Loyalty,M,Online support services,Cash,Yes,1,50,50,Low
1/17/2024,NTC001779,Loyalty,F,Mobile airtime top-up,Mobile Money,Yes,1,20,20,Low
1/17/2024,NTC001780,Loyalty,F,Online support services,Cash,No,1,10,10,Low
1/17/2024,NTC001781,Loyalty,F,Mobile airtime top-up,Cash,Yes,2,20,40,Low
1/17/2024,NTC001782,Loyalty,F,Stationery & Office Supplies,Mobile Money,No,14,25,350,High
1/18/2024,NTC001783,Non-loyalty,F,Stationery & Office Supplies,Mobile Money,Yes,1,400,400,High
1/18/2024,NTC001784,Loyalty,F,Online support services,Mobile Money,No,1,20,20,Low
1/18/2024,NTC001785,Loyalty,M,Cyber services,Mobile Money,Yes,8,5,40,Low
1/18/2024,NTC001786,Non-loyalty,F,Stationery & Office Supplies,Cash,Yes,10,25,250,High
1/19/2024,NTC001787,Loyalty,F,Mobile airtime top-up,Mobile Money,Yes,4,20,80,Low
1/19/2024,NTC001788,Loyalty,F,Stationery & Office Supplies,Mobile Money,No,2,10,20,Low
1/19/2024,NTC001789,Loyalty,M,Cyber services,Cash,Yes,23,10,230,High
1/19/2024,NTC001790,Loyalty,F,Cyber services,Mobile Money,No,4,10,40,Low
1/19/2024,NTC001791,Loyalty,M,Online support services,Mobile Money,No,1,65,65,Low
1/19/2024,NTC001792,Loyalty,F,Cyber services,Cash,Yes,1,500,500,High
1/19/2024,NTC001793,Loyalty,M,Stationery & Office Supplies,Mobile Money,Yes,1,50,50,Low
1/19/2024,NTC001794,Loyalty,M,Cyber services,Mobile Money,No,14,5,70,Low
1/19/2024,NTC001795,Loyalty,F,Stationery & Office Supplies,Mobile Money,No,1,180,180,High
1/19/2024,NTC001796,Loyalty,F,Stationery & Office Supplies,Mobile Money,Yes,1,20,20,Low
1/22/2024,NTC001797,Loyalty,M,Stationery & Office Supplies,Mobile Money,No,1,25,25,Low
1/22/2024,NTC001798,Loyalty,F,Cyber services,Mobile Money,Yes,135,5,675,High
1/22/2024,NTC001799,Non-loyalty,M,Cyber services,Cash,Yes,3,10,30,Low
1/22/2024,NTC001800,Loyalty,M,Cyber services,Mobile Money,No,2,50,100,High
1/22/2024,NTC001801,Loyalty,M,Stationery & Office Supplies,Cash,Yes,1,100,100,High
1/22/2024,NTC001802,Loyalty,M,Cyber services,Cash,Yes,2,70,140,High
1/22/2024,NTC001803,Loyalty,M,Stationery & Office Supplies,Cash,No,1,10,10,Low
1/22/2024,NTC001804,Loyalty,F,Online support services,Cash,Yes,1,10,10,Low
1/22/2024,NTC001805,Non-loyalty,M,Cyber services,Mobile Money,No,12,10,120,High
1/22/2024,NTC001806,Non-loyalty,M,Food & Drinks,Mobile Money,Yes,1,60,60,Low
1/22/2024,NTC001807,Loyalty,F,Cyber services,Mobile Money,Yes,1,20,20,Low
1/22/2024,NTC001808,Loyalty,M,Cyber services,Cash,Yes,1,80,80,Low
1/22/2024,NTC001809,Loyalty,F,Stationery & Office Supplies,Mobile Money,Yes,2,25,50,Low
1/22/2024,NTC001810,Non-loyalty,F,Cyber services,Mobile Money,No,2,50,100,High
1/23/2024,NTC001811,Non-loyalty,F,Cyber services,Mobile Money,No,21,10,210,High
1/23/2024,NTC001812,Loyalty,M,Cyber services,Cash,No,3,5,15,Low
1/23/2024,NTC001813,Loyalty,M,Stationery & Office Supplies,Cash,No,1,10,10,Low
1/23/2024,NTC001814,Loyalty,M,Stationery & Office Supplies,Mobile Money,No,4,3,12,Low
1/23/2024,NTC001815,Non-loyalty,F,Cyber services,Cash,Yes,5,20,100,High
1/23/2024,NTC001816,Loyalty,M,Food & Drinks,Cash,No,2,30,60,Low
1/23/2024,NTC001817,Loyalty,F,Stationery & Office Supplies,Mobile Money,Yes,1,60,60,Low
1/23/2024,NTC001818,Non-loyalty,M,Stationery & Office Supplies,Cash,No,11,25,275,High
1/23/2024,NTC001819,Loyalty,F,Stationery & Office Supplies,Cash,No,9,5,45,Low
1/23/2024,NTC001820,Loyalty,M,Stationery & Office Supplies,Mobile Money,Yes,2,20,40,Low
1/24/2024,NTC001821,Loyalty,M,Cyber services,Cash,Yes,4,10,40,Low
1/24/2024,NTC001822,Non-loyalty,M,Cyber services,Cash,No,14,5,70,Low
1/24/2024,NTC001823,Loyalty,F,Cyber services,Cash,Yes,1,500,500,High
1/24/2024,NTC001824,Non-loyalty,F,Online support services,Cash,No,1,50,50,Low
1/24/2024,NTC001825,Loyalty,M,Cyber services,Cash,No,4,10,40,Low
1/24/2024,NTC001826,Non-loyalty,M,Food & Drinks,Cash,No,2,60,120,High
1/24/2024,NTC001827,Loyalty,F,Stationery & Office Supplies,Cash,No,1,100,100,High
1/24/2024,NTC001828,Non-loyalty,F,Stationery & Office Supplies,Cash,No,1,10,10,Low
1/24/2024,NTC001829,Loyalty,F,Cyber services,Mobile Money,Yes,1,20,20,Low
1/24/2024,NTC001830,Loyalty,M,Online support services,Mobile Money,No,1,20,20,Low
1/24/2024,NTC001831,Loyalty,F,Stationery & Office Supplies,Mobile Money,Yes,11,25,275,High
1/24/2024,NTC001832,Loyalty,M,Stationery & Office Supplies,Mobile Money,Yes,1,180,180,High
1/25/2024,NTC001833,Loyalty,F,Stationery & Office Supplies,Cash,Yes,8,3,24,Low
1/25/2024,NTC001834,Loyalty,M,Cyber services,Mobile Money,Yes,5,5,25,Low
1/25/2024,NTC001835,Loyalty,F,Stationery & Office Supplies,Mobile Money,Yes,1,350,350,High
1/25/2024,NTC001836,Loyalty,F,Cyber services,Cash,No,15,10,150,High
1/25/2024,NTC001837,Loyalty,F,Cyber services,Cash,Yes,1,50,50,Low
1/25/2024,NTC001838,Loyalty,F,Stationery & Office Supplies,Cash,Yes,7,25,175,High
1/25/2024,NTC001839,Loyalty,F,Stationery & Office Supplies,Cash,No,2,10,20,Low
1/25/2024,NTC001840,Loyalty,M,Cyber services,Cash,No,1,20,20,Low
1/28/2024,NTC001841,Loyalty,F,Cyber services,Mobile Money,No,1,40,40,Low
1/28/2024,NTC001842,Non-loyalty,F,Stationery & Office Supplies,Cash,Yes,1,50,50,Low
1/28/2024,NTC001843,Non-loyalty,F,Cyber services,Mobile Money,No,17,5,85,Low
1/28/2024,NTC001844,Loyalty,M,Food & Drinks,Mobile Money,No,1,60,60,Low
1/28/2024,NTC001845,Loyalty,F,Stationery & Office Supplies,Cash,No,5,10,50,Low
1/28/2024,NTC001846,Loyalty,M,Stationery & Office Supplies,Mobile Money,Yes,6,20,120,High
1/28/2024,NTC001847,Loyalty,F,Cyber services,Mobile Money,No,2,10,20,Low
1/28/2024,NTC001848,Non-loyalty,F,Cyber services,Cash,No,1,30,30,Low
1/28/2024,NTC001849,Non-loyalty,M,Stationery & Office Supplies,Mobile Money,No,4,5,20,Low
1/28/2024,NTC001850,Non-loyalty,F,Stationery & Office Supplies,Mobile Money,Yes,1,10,10,Low
1/28/2024,NTC001851,Loyalty,M,Cyber services,Mobile Money,No,4,20,80,Low
1/28/2024,NTC001852,Non-loyalty,M,Cyber services,Cash,Yes,1,10,10,Low
1/29/2024,NTC001853,Loyalty,F,Cyber services,Cash,No,1,85,85,Low
1/29/2024,NTC001854,Loyalty,M,Cyber services,Cash,Yes,10,10,100,High
1/29/2024,NTC001855,Loyalty,F,Cyber services,Mobile Money,No,24,5,120,High
1/29/2024,NTC001856,Non-loyalty,F,Stationery & Office Supplies,Cash,Yes,4,3,12,Low
1/29/2024,NTC001857,Loyalty,M,Cyber services,Mobile Money,Yes,2,20,40,Low
1/29/2024,NTC001858,Non-loyalty,M,Stationery & Office Supplies,Cash,Yes,3,10,30,Low
1/29/2024,NTC001859,Non-loyalty,M,Stationery & Office Supplies,Mobile Money,No,4,3,12,Low
1/29/2024,NTC001860,Loyalty,M,Stationery & Office Supplies,Cash,No,5,25,125,High
1/29/2024,NTC001861,Non-loyalty,F,Cyber services,Cash,Yes,1,10,10,Low
1/30/2024,NTC001862,Loyalty,F,Cyber services,Mobile Money,No,1,5,5,Low
1/30/2024,NTC001863,Loyalty,M,Cyber services,Cash,Yes,6,10,60,Low
1/30/2024,NTC001864,Non-loyalty,F,Stationery & Office Supplies,Mobile Money,Yes,4,25,100,High
1/30/2024,NTC001865,Loyalty,F,Online support services,Cash,No,1,150,150,High
1/30/2024,NTC001866,Non-loyalty,F,Online support services,Cash,No,2,40,80,Low
1/30/2024,NTC001867,Loyalty,F,Cyber services,Mobile Money,No,7,20,140,High
1/30/2024,NTC001868,Non-loyalty,M,Cyber services,Mobile Money,No,1,30,30,Low
1/30/2024,NTC001869,Non-loyalty,M,Cyber services,Mobile Money,Yes,1,10,10,Low
1/30/2024,NTC001870,Non-loyalty,F,Cyber services,Cash,No,2,10,20,Low
1/31/2024,NTC001871,Non-loyalty,M,Stationery & Office Supplies,Mobile Money,No,1,60,60,Low
1/31/2024,NTC001872,Non-loyalty,M,Cyber services,Cash,Yes,6,5,30,Low
1/31/2024,NTC001873,Non-loyalty,M,Cyber services,Mobile Money,Yes,30,10,300,High
1/31/2024,NTC001874,Non-loyalty,F,Cyber services,Mobile Money,Yes,1,20,20,Low
1/31/2024,NTC001875,Non-loyalty,F,Food & Drinks,Mobile Money,Yes,1,50,50,Low
1/31/2024,NTC001876,Non-loyalty,F,Stationery & Office Supplies,Mobile Money,No,1,10,10,Low
1/31/2024,NTC001877,Loyalty,M,Stationery & Office Supplies,Mobile Money,Yes,1,25,25,Low
1/31/2024,NTC001878,Loyalty,F,Stationery & Office Supplies,Mobile Money,No,12,25,300,High
1/31/2024,NTC001879,Non-loyalty,F,Cyber services,Cash,Yes,1,10,10,Low
2/1/2024,NTC001880,Loyalty,M,Cyber services,Mobile Money,Yes,8,5,40,Low
2/1/2024,NTC001881,Non-loyalty,F,Cyber services,Cash,Yes,1,10,10,Low
2/1/2024,NTC001882,Non-loyalty,F,Stationery & Office Supplies,Mobile Money,Yes,2,10,20,Low
2/1/2024,NTC001883,Loyalty,M,Cyber services,Mobile Money,No,8,10,80,Low
2/1/2024,NTC001884,Loyalty,M,Cyber services,Mobile Money,No,1,20,20,Low
2/1/2024,NTC001885,Loyalty,M,Cyber services,Cash,No,1,20,20,Low
2/1/2024,NTC001886,Loyalty,F,Stationery & Office Supplies,Cash,Yes,1,130,130,High
2/1/2024,NTC001887,Loyalty,F,Cyber services,Mobile Money,Yes,1,10,10,Low
2/2/2024,NTC001888,Loyalty,F,Cyber services,Cash,No,1,10,10,Low
2/2/2024,NTC001889,Loyalty,M,Stationery & Office Supplies,Mobile Money,No,4,25,100,High
2/2/2024,NTC001890,Non-loyalty,M,Cyber services,Mobile Money,Yes,1,50,50,Low
2/2/2024,NTC001891,Loyalty,F,Cyber services,Cash,Yes,1,10,10,Low
2/2/2024,NTC001892,Loyalty,F,Stationery & Office Supplies,Cash,Yes,1,10,10,Low
2/2/2024,NTC001893,Non-loyalty,M,Cyber services,Cash,Yes,3,5,15,Low
2/2/2024,NTC001894,Loyalty,M,Stationery & Office Supplies,Cash,No,2,100,200,High
2/5/2024,NTC001895,Loyalty,M,Cyber services,Mobile Money,No,24,5,120,High
2/5/2024,NTC001896,Loyalty,M,Cyber services,Cash,No,39,10,390,High
2/5/2024,NTC001897,Non-loyalty,F,Cyber services,Cash,Yes,2,20,40,Low
2/5/2024,NTC001898,Non-loyalty,M,Cyber services,Mobile Money,No,2,20,40,Low
2/5/2024,NTC001899,Loyalty,F,Cyber services,Cash,No,1,80,80,Low
2/5/2024,NTC001900,Loyalty,F,Stationery & Office Supplies,Cash,No,4,10,40,Low
2/5/2024,NTC001901,Loyalty,F,Cyber services,Cash,Yes,2,50,100,High
2/5/2024,NTC001902,Loyalty,M,Online support services,Cash,No,1,60,60,Low
2/5/2024,NTC001903,Non-loyalty,M,Mobile Accessories,Mobile Money,No,1,250,250,High
2/6/2024,NTC001904,Loyalty,M,Cyber services,Mobile Money,Yes,5,5,25,Low
2/6/2024,NTC001905,Loyalty,M,Cyber services,Cash,Yes,1,10,10,Low
2/6/2024,NTC001906,Loyalty,F,Cyber services,Cash,Yes,1,20,20,Low
2/6/2024,NTC001907,Non-loyalty,M,Cyber services,Mobile Money,Yes,1,50,50,Low
2/6/2024,NTC001908,Non-loyalty,M,Online support services,Cash,No,1,30,30,Low
2/6/2024,NTC001909,Non-loyalty,F,Online support services,Cash,Yes,1,70,70,Low
2/7/2024,NTC001910,Non-loyalty,M,Cyber services,Cash,Yes,2,5,10,Low
2/7/2024,NTC001911,Non-loyalty,F,Cyber services,Cash,No,1,40,40,Low
2/7/2024,NTC001912,Loyalty,F,Food & Drinks,Cash,No,2,5,10,Low
2/8/2024,NTC001913,Loyalty,F,Cyber services,Cash,No,8,5,40,Low
2/8/2024,NTC001914,Loyalty,F,Cyber services,Cash,No,1,10,10,Low
2/8/2024,NTC001915,Loyalty,F,Cyber services,Cash,Yes,1,50,50,Low
2/8/2024,NTC001916,Non-loyalty,F,Stationery & Office Supplies,Cash,No,1,10,10,Low
2/9/2024,NTC001917,Loyalty,F,Online support services,Mobile Money,No,1,50,50,Low
2/9/2024,NTC001918,Loyalty,F,Cyber services,Mobile Money,No,1,50,50,Low
2/9/2024,NTC001919,Loyalty,M,Online support services,Mobile Money,Yes,1,100,100,High
2/9/2024,NTC001920,Loyalty,M,Online support services,Cash,No,1,20,20,Low
2/9/2024,NTC001921,Non-loyalty,M,Stationery & Office Supplies,Cash,Yes,1,10,10,Low
2/9/2024,NTC001922,Non-loyalty,M,Cyber services,Mobile Money,No,1,10,10,Low
2/9/2024,NTC001923,Loyalty,F,Cyber services,Cash,No,2,10,20,Low
2/12/2024,NTC001924,Loyalty,M,Cyber services,Mobile Money,Yes,8,5,40,Low
2/12/2024,NTC001925,Non-loyalty,F,Cyber services,Cash,No,2,20,40,Low
2/12/2024,NTC001926,Non-loyalty,M,Cyber services,Mobile Money,No,12,10,120,High
2/12/2024,NTC001927,Loyalty,M,Stationery & Office Supplies,Mobile Money,Yes,2,3,6,Low
2/12/2024,NTC001928,Non-loyalty,M,Stationery & Office Supplies,Mobile Money,No,2,10,20,Low
2/12/2024,NTC001929,Loyalty,F,Cyber services,Cash,No,1,10,10,Low
2/12/2024,NTC001930,Loyalty,M,Mobile airtime top-up,Mobile Money,No,1,20,20,Low
2/13/2024,NTC001931,Loyalty,F,Cyber services,Cash,No,13,5,65,Low
2/13/2024,NTC001932,Loyalty,F,Cyber services,Cash,Yes,5,20,100,High
2/13/2024,NTC001933,Loyalty,M,Cyber services,Cash,No,1,50,50,Low
2/13/2024,NTC001934,Non-loyalty,M,Food & Drinks,Cash,No,1,60,60,Low
2/13/2024,NTC001935,Non-loyalty,M,Stationery & Office Supplies,Cash,Yes,1,10,10,Low
2/13/2024,NTC001936,Loyalty,F,Cyber services,Cash,No,8,10,80,Low
2/13/2024,NTC001937,Non-loyalty,M,Cyber services,Cash,Yes,1,10,10,Low
2/13/2024,NTC001938,Loyalty,F,Cyber services,Mobile Money,No,3,20,60,Low
2/14/2024,NTC001939,Loyalty,F,Cyber services,Mobile Money,No,24,5,120,High
2/14/2024,NTC001940,Non-loyalty,M,Cyber services,Mobile Money,Yes,4,10,40,Low
2/14/2024,NTC001941,Loyalty,M,Online support services,Cash,No,1,250,250,High
2/14/2024,NTC001942,Non-loyalty,F,Cyber services,Cash,No,5,20,100,High
2/14/2024,NTC001943,Loyalty,F,Cyber services,Cash,Yes,5,10,50,Low
2/14/2024,NTC001944,Loyalty,F,Stationery & Office Supplies,Cash,Yes,2,10,20,Low
2/14/2024,NTC001945,Loyalty,M,Cyber services,Mobile Money,No,4,10,40,Low
2/14/2024,NTC001946,Non-loyalty,F,Stationery & Office Supplies,Cash,No,1,35,35,Low
2/14/2024,NTC001947,Non-loyalty,M,Stationery & Office Supplies,Mobile Money,No,1,10,10,Low
2/14/2024,NTC001948,Loyalty,F,Food & Drinks,Cash,Yes,2,60,120,High
2/14/2024,NTC001949,Loyalty,F,Food & Drinks,Mobile Money,Yes,2,5,10,Low
2/14/2024,NTC001950,Non-loyalty,M,Cyber services,Cash,No,1,20,20,Low
2/15/2024,NTC001951,Loyalty,F,Stationery & Office Supplies,Mobile Money,No,20,3,60,Low
2/15/2024,NTC001952,Loyalty,M,Stationery & Office Supplies,Cash,Yes,1,10,10,Low
2/15/2024,NTC001953,Loyalty,M,Cyber services,Mobile Money,Yes,1,30,30,Low
2/15/2024,NTC001954,Loyalty,F,Cyber services,Cash,No,1,10,10,Low
2/15/2024,NTC001955,Loyalty,M,Cyber services,Mobile Money,Yes,2,5,10,Low
2/18/2024,NTC001956,Loyalty,M,Cyber services,Mobile Money,No,1,50,50,Low
2/18/2024,NTC001957,Loyalty,F,Cyber services,Cash,Yes,2,10,20,Low
2/18/2024,NTC001958,Non-loyalty,M,Cyber services,Mobile Money,No,12,5,60,Low
2/20/2024,NTC001959,Loyalty,M,Cyber services,Cash,No,1,20,20,Low
2/20/2024,NTC001960,Non-loyalty,M,Cyber services,Cash,No,8,5,40,Low
2/20/2024,NTC001961,Loyalty,F,Online support services,Cash,Yes,1,20,20,Low
2/20/2024,NTC001962,Loyalty,M,Cyber services,Mobile Money,Yes,2,20,40,Low
2/20/2024,NTC001963,Non-loyalty,F,Food & Drinks,Mobile Money,Yes,1,60,60,Low
2/20/2024,NTC001964,Loyalty,F,Cyber services,Cash,No,1,20,20,Low
2/20/2024,NTC001965,Loyalty,M,Cyber services,Cash,Yes,4,10,40,Low
2/20/2024,NTC001966,Loyalty,M,Food & Drinks,Mobile Money,Yes,1,80,80,Low
2/20/2024,NTC001967,Loyalty,M,Cyber services,Mobile Money,No,1,50,50,Low
2/21/2024,NTC001968,Loyalty,F,Stationery & Office Supplies,Mobile Money,No,3,25,75,Low
2/21/2024,NTC001969,Loyalty,M,Cyber services,Cash,No,16,5,80,Low
2/21/2024,NTC001970,Loyalty,M,Cyber services,Cash,Yes,5,20,100,High
2/21/2024,NTC001971,Loyalty,M,Cyber services,Cash,Yes,1,100,100,High
2/21/2024,NTC001972,Non-loyalty,M,Food & Drinks,Cash,Yes,1,80,80,Low
2/21/2024,NTC001973,Loyalty,M,Cyber services,Cash,No,1,10,10,Low
2/22/2024,NTC001974,Loyalty,F,Stationery & Office Supplies,Mobile Money,Yes,1,60,60,Low
2/22/2024,NTC001975,Loyalty,F,Cyber services,Cash,No,12,5,60,Low
2/22/2024,NTC001976,Loyalty,M,Cyber services,Mobile Money,No,11,10,110,High
2/22/2024,NTC001977,Loyalty,M,Cyber services,Mobile Money,No,2,20,40,Low
2/22/2024,NTC001978,Non-loyalty,M,Cyber services,Cash,No,1,100,100,High
2/22/2024,NTC001979,Non-loyalty,M,Cyber services,Mobile Money,Yes,5,30,150,High
2/22/2024,NTC001980,Loyalty,F,Stationery & Office Supplies,Cash,No,7,25,175,High
2/22/2024,NTC001981,Non-loyalty,M,Cyber services,Mobile Money,Yes,2,10,20,Low
2/22/2024,NTC001982,Loyalty,F,Cyber services,Cash,Yes,13,20,260,High
2/22/2024,NTC001983,Loyalty,F,Online support services,Cash,No,1,150,150,High
2/22/2024,NTC001984,Loyalty,M,Stationery & Office Supplies,Mobile Money,No,2,10,20,Low
2/22/2024,NTC001985,Loyalty,F,Online support services,Cash,Yes,1,70,70,Low
2/23/2024,NTC001986,Non-loyalty,F,Cyber services,Mobile Money,Yes,18,5,90,High
2/23/2024,NTC001987,Loyalty,F,Cyber services,Cash,Yes,29,10,290,High
2/23/2024,NTC001988,Non-loyalty,F,Stationery & Office Supplies,Cash,No,1,10,10,Low
2/23/2024,NTC001989,Loyalty,M,Cyber services,Cash,No,1,20,20,Low
2/23/2024,NTC001990,Non-loyalty,M,Food & Drinks,Mobile Money,No,1,60,60,Low
2/23/2024,NTC001991,Non-loyalty,F,Food & Drinks,Mobile Money,Yes,3,5,15,Low
2/26/2024,NTC001992,Loyalty,M,Cyber services,Cash,Yes,21,5,105,High
2/26/2024,NTC001993,Loyalty,M,Cyber services,Mobile Money,No,7,10,70,Low
2/26/2024,NTC001994,Non-loyalty,M,Cyber services,Cash,No,2,20,40,Low
2/26/2024,NTC001995,Loyalty,M,Cyber services,Mobile Money,No,1,100,100,High
2/26/2024,NTC001996,Loyalty,M,Cyber services,Mobile Money,No,1,20,20,Low
2/26/2024,NTC001997,Loyalty,F,Cyber services,Cash,No,1,10,10,Low
2/26/2024,NTC001998,Loyalty,M,Cyber services,Cash,Yes,3,10,30,Low
2/26/2024,NTC001999,Loyalty,M,Cyber services,Cash,No,1,50,50,Low
2/26/2024,NTC002000,Non-loyalty,M,Stationery & Office Supplies,Cash,No,2,50,100,High
2/27/2024,NTC002001,Loyalty,M,Cyber services,Cash,Yes,51,5,255,High
2/27/2024,NTC002002,Loyalty,F,Stationery & Office Supplies,Mobile Money,Yes,1,20,20,Low
2/27/2024,NTC002003,Non-loyalty,F,Cyber services,Mobile Money,Yes,3,10,30,Low
2/27/2024,NTC002004,Non-loyalty,F,Cyber services,Cash,No,2,20,40,Low
2/27/2024,NTC002005,Loyalty,F,Cyber services,Cash,Yes,1,10,10,Low
2/27/2024,NTC002006,Loyalty,M,Cyber services,Cash,Yes,1,1000,1000,High
2/27/2024,NTC002007,Loyalty,F,Cyber services,Mobile Money,Yes,2,50,100,High
2/27/2024,NTC002008,Loyalty,M,Cyber services,Cash,No,1,50,50,Low
2/27/2024,NTC002009,Loyalty,M,Stationery & Office Supplies,Cash,No,1,10,10,Low
2/28/2024,NTC002010,Loyalty,M,Cyber services,Mobile Money,No,37,5,185,High
2/28/2024,NTC002011,Loyalty,M,Cyber services,Mobile Money,No,5,20,100,High
2/28/2024,NTC002012,Loyalty,M,Stationery & Office Supplies,Mobile Money,Yes,1,50,50,Low
2/28/2024,NTC002013,Non-loyalty,F,Stationery & Office Supplies,Mobile Money,Yes,1,5,5,Low
2/28/2024,NTC002014,Loyalty,F,Stationery & Office Supplies,Cash,No,8,3,24,Low
2/28/2024,NTC002015,Loyalty,F,Stationery & Office Supplies,Mobile Money,No,3,50,150,High
2/28/2024,NTC002016,Loyalty,F,Cyber services,Mobile Money,Yes,3,20,60,Low
2/28/2024,NTC002017,Loyalty,M,Cyber services,Cash,Yes,67,10,670,High
2/28/2024,NTC002018,Loyalty,F,Cyber services,Cash,No,1,50,50,Low
2/29/2024,NTC002019,Loyalty,M,Cyber services,Cash,Yes,18,5,90,High
2/29/2024,NTC002020,Loyalty,F,Cyber services,Mobile Money,Yes,8,10,80,Low
2/29/2024,NTC002021,Non-loyalty,M,Cyber services,Cash,Yes,1,50,50,Low
2/29/2024,NTC002022,Loyalty,M,Cyber services,Mobile Money,No,1,100,100,High
3/1/2024,NTC002023,Loyalty,F,Cyber services,Mobile Money,No,1,20,20,Low
3/1/2024,NTC002024,Non-loyalty,M,Cyber services,Mobile Money,No,2,10,20,Low
3/1/2024,NTC002025,Loyalty,M,Cyber services,Cash,No,3,10,30,Low
3/1/2024,NTC002026,Non-loyalty,F,Cyber services,Mobile Money,No,1,5,5,Low
3/4/2024,NTC002027,Loyalty,M,Stationery & Office Supplies,Cash,Yes,2,40,80,Low
3/4/2024,NTC002028,Non-loyalty,F,Stationery & Office Supplies,Cash,Yes,6,3,18,Low
3/4/2024,NTC002029,Loyalty,F,Cyber services,Cash,Yes,1,10,10,Low
3/4/2024,NTC002030,Loyalty,F,Cyber services,Mobile Money,No,8,5,40,Low
3/4/2024,NTC002031,Loyalty,M,Stationery & Office Supplies,Mobile Money,Yes,1,10,10,Low
3/4/2024,NTC002032,Loyalty,M,Cyber services,Mobile Money,Yes,3,10,30,Low
3/4/2024,NTC002033,Loyalty,M,Stationery & Office Supplies,Cash,Yes,1,70,70,Low
3/5/2024,NTC002034,Non-loyalty,F,Cyber services,Mobile Money,No,8,20,160,High
3/5/2024,NTC002035,Non-loyalty,M,Cyber services,Mobile Money,No,2,10,20,Low
3/5/2024,NTC002036,Loyalty,F,Cyber services,Mobile Money,Yes,5,5,25,Low
3/5/2024,NTC002037,Loyalty,F,Cyber services,Mobile Money,No,13,10,130,High
3/5/2024,NTC002038,Non-loyalty,M,Stationery & Office Supplies,Mobile Money,No,1,10,10,Low
3/5/2024,NTC002039,Loyalty,F,Online support services,Cash,No,1,20,20,Low
3/5/2024,NTC002040,Loyalty,M,Food & Drinks,Cash,No,1,60,60,Low
3/5/2024,NTC002041,Loyalty,M,Food & Drinks,Cash,No,1,30,30,Low
3/5/2024,NTC002042,Loyalty,M,Stationery & Office Supplies,Cash,Yes,3,5,15,Low
3/5/2024,NTC002043,Loyalty,M,Stationery & Office Supplies,Mobile Money,Yes,4,3,12,Low
3/5/2024,NTC002044,Loyalty,M,Cyber services,Cash,Yes,3,20,60,Low
3/5/2024,NTC002045,Loyalty,F,Online support services,Mobile Money,No,1,40,40,Low
3/6/2024,NTC002046,Loyalty,F,Cyber services,Cash,Yes,54,5,270,High
3/6/2024,NTC002047,Loyalty,F,Cyber services,Cash,Yes,1,80,80,Low
3/6/2024,NTC002048,Non-loyalty,M,Cyber services,Cash,No,32,10,320,High
3/6/2024,NTC002049,Loyalty,M,Cyber services,Mobile Money,Yes,1,10,10,Low
3/6/2024,NTC002050,Non-loyalty,M,Cyber services,Mobile Money,No,4,20,80,Low
3/6/2024,NTC002051,Loyalty,F,Stationery & Office Supplies,Cash,No,9,10,90,High
3/6/2024,NTC002052,Non-loyalty,M,Stationery & Office Supplies,Mobile Money,Yes,2,3,6,Low
3/6/2024,NTC002053,Loyalty,F,Cyber services,Cash,Yes,1,10,10,Low
3/6/2024,NTC002054,Loyalty,F,Cyber services,Cash,Yes,1,30,30,Low
3/7/2024,NTC002055,Loyalty,M,Cyber services,Cash,No,9,5,45,Low
3/7/2024,NTC002056,Loyalty,M,Stationery & Office Supplies,Mobile Money,No,2,10,20,Low
3/7/2024,NTC002057,Loyalty,F,Cyber services,Cash,No,6,20,120,High
3/7/2024,NTC002058,Loyalty,M,Stationery & Office Supplies,Cash,No,6,3,18,Low
3/7/2024,NTC002059,Loyalty,F,Cyber services,Cash,No,2,10,20,Low
3/7/2024,NTC002060,Loyalty,M,Cyber services,Mobile Money,Yes,92,10,920,High
3/7/2024,NTC002061,Non-loyalty,M,Cyber services,Cash,Yes,2,20,40,Low
3/7/2024,NTC002062,Loyalty,F,Cyber services,Mobile Money,No,1,20,20,Low
3/7/2024,NTC002063,Non-loyalty,M,Online support services,Cash,Yes,1,20,20,Low
3/7/2024,NTC002064,Loyalty,F,Mobile Accessories,Mobile Money,Yes,1,150,150,High
3/7/2024,NTC002065,Loyalty,M,Cyber services,Cash,Yes,1,50,50,Low
3/7/2024,NTC002066,Loyalty,F,Food & Drinks,Cash,No,1,60,60,Low
3/7/2024,NTC002067,Loyalty,F,Stationery & Office Supplies,Mobile Money,Yes,1,50,50,Low
3/8/2024,NTC002068,Non-loyalty,M,Cyber services,Mobile Money,No,7,5,35,Low
3/8/2024,NTC002069,Non-loyalty,F,Food & Drinks,Cash,Yes,1,60,60,Low
3/8/2024,NTC002070,Loyalty,M,Cyber services,Mobile Money,Yes,2,20,40,Low
3/8/2024,NTC002071,Loyalty,M,Online support services,Cash,No,1,55,55,Low
3/8/2024,NTC002072,Non-loyalty,M,Cyber services,Cash,No,1,10,10,Low
3/8/2024,NTC002073,Loyalty,F,Cyber services,Cash,No,6,10,60,Low
3/8/2024,NTC002074,Loyalty,F,Cyber services,Mobile Money,Yes,2,20,40,Low
3/8/2024,NTC002075,Non-loyalty,M,Cyber services,Cash,No,1,5,5,Low
3/11/2024,NTC002076,Loyalty,M,Cyber services,Mobile Money,No,2,20,40,Low
3/11/2024,NTC002077,Loyalty,F,Cyber services,Cash,Yes,3,5,15,Low
3/11/2024,NTC002078,Loyalty,M,Cyber services,Mobile Money,Yes,6,10,60,Low
3/11/2024,NTC002079,Loyalty,M,Cyber services,Mobile Money,No,2,50,100,High
3/12/2024,NTC002080,Non-loyalty,F,Cyber services,Cash,Yes,21,10,210,High
3/12/2024,NTC002081,Loyalty,M,Cyber services,Mobile Money,Yes,4,5,20,Low
3/12/2024,NTC002082,Non-loyalty,F,Stationery & Office Supplies,Cash,No,1,60,60,Low
3/12/2024,NTC002083,Loyalty,M,Food & Drinks,Cash,No,2,5,10,Low
3/12/2024,NTC002084,Loyalty,F,Stationery & Office Supplies,Cash,No,1,10,10,Low
3/12/2024,NTC002085,Loyalty,M,Stationery & Office Supplies,Cash,Yes,1,10,10,Low
3/12/2024,NTC002086,Loyalty,M,Stationery & Office Supplies,Cash,Yes,4,3,12,Low
3/12/2024,NTC002087,Loyalty,F,Food & Drinks,Mobile Money,Yes,1,50,50,Low
3/13/2024,NTC002088,Loyalty,M,Stationery & Office Supplies,Cash,No,6,10,60,Low
3/13/2024,NTC002089,Loyalty,F,Cyber services,Mobile Money,No,32,5,160,High
3/13/2024,NTC002090,Non-loyalty,M,Stationery & Office Supplies,Mobile Money,No,1,60,60,Low
3/13/2024,NTC002091,Non-loyalty,F,Cyber services,Cash,No,4,10,40,Low
3/13/2024,NTC002092,Non-loyalty,F,Online support services,Mobile Money,No,1,20,20,Low
3/14/2024,NTC002093,Non-loyalty,F,Cyber services,Cash,Yes,3,10,30,Low
3/14/2024,NTC002094,Loyalty,F,Cyber services,Mobile Money,No,4,5,20,Low
3/14/2024,NTC002095,Loyalty,M,Cyber services,Mobile Money,No,6,10,60,Low
3/14/2024,NTC002096,Loyalty,M,Cyber services,Mobile Money,Yes,2,20,40,Low
3/14/2024,NTC002097,Loyalty,F,Stationery & Office Supplies,Cash,No,1,130,130,High
3/14/2024,NTC002098,Non-loyalty,F,Stationery & Office Supplies,Mobile Money,No,1,35,35,Low
4/2/2024,NTC002099,Loyalty,F,Cyber services,Cash,Yes,5,10,50,Low
4/3/2024,NTC002100,Non-loyalty,M,Cyber services,Mobile Money,No,1,10,10,Low
4/3/2024,NTC002101,Loyalty,M,Cyber services,Mobile Money,Yes,6,5,30,Low
4/3/2024,NTC002102,Loyalty,M,Print media,Mobile Money,Yes,1,60,60,Low
4/5/2024,NTC002103,Non-loyalty,M,Cyber services,Mobile Money,No,26,5,130,High
4/5/2024,NTC002104,Loyalty,F,Stationery & Office Supplies,Cash,Yes,1,10,10,Low
4/5/2024,NTC002105,Non-loyalty,F,Cyber services,Cash,No,6,10,60,Low
4/5/2024,NTC002106,Loyalty,F,Cyber services,Mobile Money,No,6,10,60,Low
4/5/2024,NTC002107,Non-loyalty,M,Cyber services,Mobile Money,Yes,1,50,50,Low
4/5/2024,NTC002108,Loyalty,M,Online support services,Cash,No,1,20,20,Low
4/5/2024,NTC002109,Loyalty,M,Cyber services,Cash,Yes,1,20,20,Low
4/6/2024,NTC002110,Loyalty,F,Cyber services,Cash,Yes,81,10,810,High
4/6/2024,NTC002111,Loyalty,F,Cyber services,Cash,Yes,1,20,20,Low
4/6/2024,NTC002112,Loyalty,M,Online support services,Mobile Money,No,1,20,20,Low
4/7/2024,NTC002113,Non-loyalty,F,Cyber services,Mobile Money,No,10,10,100,High
4/7/2024,NTC002114,Non-loyalty,M,Stationery & Office Supplies,Cash,No,1,10,10,Low
4/7/2024,NTC002115,Loyalty,M,Cyber services,Cash,Yes,2,20,40,Low
4/7/2024,NTC002116,Non-loyalty,F,Cyber services,Cash,Yes,1,100,100,High
4/7/2024,NTC002117,Loyalty,M,Cyber services,Cash,Yes,1,80,80,Low
4/7/2024,NTC002118,Non-loyalty,F,Cyber services,Cash,Yes,70,10,700,High
4/7/2024,NTC002119,Loyalty,M,Cyber services,Cash,No,4,5,20,Low
4/8/2024,NTC002120,Loyalty,F,Cyber services,Mobile Money,No,2,10,20,Low
4/8/2024,NTC002121,Loyalty,F,Cyber services,Mobile Money,Yes,2,5,10,Low
4/8/2024,NTC002122,Non-loyalty,F,Stationery & Office Supplies,Mobile Money,Yes,2,10,20,Low
4/8/2024,NTC002123,Non-loyalty,M,Cyber services,Cash,No,4,10,40,Low
4/8/2024,NTC002124,Loyalty,M,Online support services,Cash,No,1,20,20,Low
4/9/2024,NTC002125,Loyalty,F,Cyber services,Cash,Yes,17,10,170,High
4/9/2024,NTC002126,Loyalty,F,Cyber services,Mobile Money,No,4,10,40,Low
4/9/2024,NTC002127,Loyalty,M,Cyber services,Cash,Yes,17,5,85,Low
4/9/2024,NTC002128,Loyalty,M,Stationery & Office Supplies,Cash,Yes,3,10,30,Low
4/10/2024,NTC002129,Loyalty,M,Cyber services,Mobile Money,No,1,10,10,Low
4/10/2024,NTC002130,Loyalty,F,Cyber services,Cash,No,3,5,15,Low
4/10/2024,NTC002131,Non-loyalty,M,Cyber services,Mobile Money,No,10,10,100,High
4/10/2024,NTC002132,Loyalty,M,Cyber services,Mobile Money,No,5,20,100,High
4/10/2024,NTC002133,Loyalty,F,Cyber services,Cash,Yes,3,20,60,Low
4/10/2024,NTC002134,Loyalty,M,Stationery & Office Supplies,Mobile Money,No,1,10,10,Low
4/10/2024,NTC002135,Loyalty,M,Stationery & Office Supplies,Cash,No,1,5,5,Low
4/10/2024,NTC002136,Loyalty,M,Print media,Mobile Money,No,1,60,60,Low
4/12/2024,NTC002137,Loyalty,F,Cyber services,Cash,Yes,12,10,120,High
4/12/2024,NTC002138,Loyalty,F,Cyber services,Mobile Money,No,3,5,15,Low
4/12/2024,NTC002139,Loyalty,F,Cyber services,Cash,No,3,10,30,Low
4/12/2024,NTC002140,Non-loyalty,F,Cyber services,Mobile Money,No,1,20,20,Low
4/12/2024,NTC002141,Loyalty,F,Online support services,Mobile Money,No,1,80,80,Low
4/12/2024,NTC002142,Loyalty,F,Cyber services,Mobile Money,No,2,20,40,Low
4/13/2024,NTC002143,Loyalty,F,Cyber services,Cash,Yes,1,10,10,Low
4/13/2024,NTC002144,Non-loyalty,M,Cyber services,Cash,No,2,5,10,Low
4/15/2024,NTC002145,Loyalty,M,Stationery & Office Supplies,Mobile Money,No,1,10,10,Low
4/15/2024,NTC002146,Loyalty,F,Stationery & Office Supplies,Cash,No,2,3,6,Low
4/15/2024,NTC002147,Loyalty,M,Stationery & Office Supplies,Mobile Money,No,1,10,10,Low
4/15/2024,NTC002148,Non-loyalty,M,Cyber services,Cash,No,8,10,80,Low
4/15/2024,NTC002149,Loyalty,F,Cyber services,Mobile Money,No,3,5,15,Low
4/15/2024,NTC002150,Loyalty,M,Cyber services,Cash,No,2,10,20,Low
4/15/2024,NTC002151,Non-loyalty,M,Cyber services,Mobile Money,Yes,14,5,70,Low
4/16/2024,NTC002152,Loyalty,M,Cyber services,Mobile Money,No,1,20,20,Low
4/16/2024,NTC002153,Loyalty,M,Cyber services,Mobile Money,Yes,17,10,170,High
4/16/2024,NTC002154,Non-loyalty,M,Stationery & Office Supplies,Mobile Money,Yes,1,10,10,Low
4/17/2024,NTC002155,Loyalty,F,Cyber services,Cash,No,41,10,410,High
4/17/2024,NTC002156,Loyalty,F,Cyber services,Mobile Money,No,4,5,20,Low
4/17/2024,NTC002157,Loyalty,F,Cyber services,Cash,No,1,10,10,Low
4/17/2024,NTC002158,Loyalty,M,Cyber services,Cash,No,1,10,10,Low
4/18/2024,NTC002159,Loyalty,F,Cyber services,Mobile Money,No,15,10,150,High
4/18/2024,NTC002160,Non-loyalty,M,Cyber services,Cash,Yes,32,5,160,High
4/18/2024,NTC002161,Non-loyalty,M,Cyber services,Cash,Yes,6,20,120,High
4/18/2024,NTC002162,Loyalty,M,Cyber services,Cash,Yes,1,10,10,Low
4/18/2024,NTC002163,Loyalty,M,Stationery & Office Supplies,Mobile Money,No,4,3,12,Low
4/19/2024,NTC002164,Loyalty,F,Mobile Accessories,Cash,No,1,800,800,High
4/19/2024,NTC002165,Loyalty,F,Cyber services,Cash,Yes,9,10,90,High
4/20/2024,NTC002166,Loyalty,M,Cyber services,Mobile Money,Yes,3,10,30,Low
4/20/2024,NTC002167,Loyalty,F,Cyber services,Mobile Money,Yes,5,10,50,Low
4/20/2024,NTC002168,Loyalty,M,Stationery & Office Supplies,Cash,Yes,1,5,5,Low
4/20/2024,NTC002169,Loyalty,F,Print media,Mobile Money,No,1,60,60,Low
4/20/2024,NTC002170,Loyalty,F,Cyber services,Cash,No,5,20,100,High
4/20/2024,NTC002171,Loyalty,M,Cyber services,Cash,No,1,50,50,Low
4/20/2024,NTC002172,Loyalty,F,Stationery & Office Supplies,Cash,No,1,10,10,Low
4/21/2024,NTC002173,Non-loyalty,M,Stationery & Office Supplies,Mobile Money,Yes,1,10,10,Low
4/21/2024,NTC002174,Loyalty,F,Online support services,Cash,Yes,1,50,50,Low
4/22/2024,NTC002175,Non-loyalty,M,Cyber services,Mobile Money,No,8,5,40,Low
4/22/2024,NTC002176,Loyalty,M,Stationery & Office Supplies,Mobile Money,Yes,1,10,10,Low
4/22/2024,NTC002177,Loyalty,F,Cyber services,Cash,Yes,1,10,10,Low
4/22/2024,NTC002178,Loyalty,F,Cyber services,Mobile Money,No,2,10,20,Low
4/22/2024,NTC002179,Loyalty,M,Cyber services,Mobile Money,No,1,20,20,Low
4/23/2024,NTC002180,Non-loyalty,F,Cyber services,Mobile Money,No,25,5,125,High
4/23/2024,NTC002181,Non-loyalty,F,Cyber services,Mobile Money,Yes,8,10,80,Low
4/23/2024,NTC002182,Loyalty,M,Cyber services,Mobile Money,No,2,20,40,Low
4/23/2024,NTC002183,Non-loyalty,M,Print media,Cash,No,2,60,120,High
4/23/2024,NTC002184,Non-loyalty,F,Cyber services,Mobile Money,Yes,3,10,30,Low
4/24/2024,NTC002185,Loyalty,M,Print media,Cash,No,1,60,60,Low
4/24/2024,NTC002186,Loyalty,M,Cyber services,Cash,No,1,20,20,Low
4/24/2024,NTC002187,Loyalty,M,Cyber services,Cash,Yes,3,10,30,Low
4/24/2024,NTC002188,Loyalty,F,Cyber services,Cash,No,38,5,190,High
4/24/2024,NTC002189,Loyalty,F,Stationery & Office Supplies,Cash,Yes,3,10,30,Low
4/24/2024,NTC002190,Non-loyalty,M,Cyber services,Cash,Yes,1,10,10,Low
4/24/2024,NTC002191,Loyalty,F,Cyber services,Mobile Money,Yes,1,10,10,Low
4/24/2024,NTC002192,Loyalty,M,Cyber services,Mobile Money,Yes,1,50,50,Low
4/25/2024,NTC002193,Loyalty,F,Cyber services,Mobile Money,No,22,10,220,High
4/25/2024,NTC002194,Loyalty,M,Print media,Cash,Yes,2,60,120,High
4/25/2024,NTC002195,Loyalty,M,Stationery & Office Supplies,Mobile Money,Yes,1,10,10,Low
4/25/2024,NTC002196,Loyalty,F,Cyber services,Mobile Money,No,11,5,55,Low
4/25/2024,NTC002197,Loyalty,M,Cyber services,Mobile Money,Yes,1,10,10,Low
4/25/2024,NTC002198,Loyalty,F,Online support services,Cash,No,1,30,30,Low
4/26/2024,NTC002199,Non-loyalty,F,Cyber services,Mobile Money,Yes,13,10,130,High
4/26/2024,NTC002200,Loyalty,M,Cyber services,Cash,No,7,10,70,Low
4/26/2024,NTC002201,Non-loyalty,M,Cyber services,Mobile Money,Yes,8,20,160,High
4/26/2024,NTC002202,Loyalty,F,Stationery & Office Supplies,Cash,No,1,10,10,Low
4/26/2024,NTC002203,Loyalty,M,Cyber services,Cash,No,3,50,150,High
4/26/2024,NTC002204,Loyalty,M,Cyber services,Cash,Yes,1,20,20,Low
4/26/2024,NTC002205,Loyalty,M,Print media,Mobile Money,Yes,1,60,60,Low
4/27/2024,NTC002206,Non-loyalty,M,Cyber services,Mobile Money,Yes,19,10,190,High
4/27/2024,NTC002207,Loyalty,M,Cyber services,Cash,No,2,20,40,Low
4/27/2024,NTC002208,Loyalty,F,Online support services,Mobile Money,Yes,1,20,20,Low
4/27/2024,NTC002209,Loyalty,F,Cyber services,Cash,Yes,1,10,10,Low
4/27/2024,NTC002210,Non-loyalty,M,Cyber services,Cash,Yes,2,40,80,Low
4/29/2024,NTC002211,Non-loyalty,M,Cyber services,Mobile Money,Yes,19,10,190,High
4/29/2024,NTC002212,Loyalty,M,Stationery & Office Supplies,Mobile Money,Yes,1,10,10,Low
4/29/2024,NTC002213,Loyalty,F,Stationery & Office Supplies,Mobile Money,Yes,1,150,150,High
4/29/2024,NTC002214,Loyalty,M,Cyber services,Cash,No,7,20,140,High
4/29/2024,NTC002215,Loyalty,F,Online support services,Cash,No,1,500,500,High
4/29/2024,NTC002216,Non-loyalty,F,Stationery & Office Supplies,Mobile Money,Yes,4,3,12,Low
4/29/2024,NTC002217,Loyalty,F,Cyber services,Cash,No,1,5,5,Low
4/30/2024,NTC002218,Loyalty,M,Print media,Mobile Money,No,2,60,120,High
4/30/2024,NTC002219,Non-loyalty,F,Cyber services,Cash,Yes,2,5,10,Low
4/30/2024,NTC002220,Loyalty,M,Cyber services,Mobile Money,Yes,42,10,420,High
4/30/2024,NTC002221,Loyalty,F,Cyber services,Mobile Money,No,14,20,280,High
4/30/2024,NTC002222,Loyalty,M,Mobile Accessories,Cash,No,1,150,150,High
4/30/2024,NTC002223,Non-loyalty,F,Stationery & Office Supplies,Mobile Money,Yes,3,10,30,Low
4/30/2024,NTC002224,Loyalty,M,Cyber services,Mobile Money,No,1,20,20,Low
5/1/2024,NTC002225,Loyalty,F,Print media,Cash,No,1,60,60,Low
5/1/2024,NTC002226,Non-loyalty,M,Online support services,Mobile Money,Yes,1,350,350,High
5/2/2024,NTC002227,Loyalty,M,Cyber services,Cash,Yes,1,50,50,Low
5/2/2024,NTC002228,Loyalty,M,Online support services,Mobile Money,No,1,20,20,Low
5/2/2024,NTC002229,Loyalty,M,Print media,Cash,Yes,1,60,60,Low
5/3/2024,NTC002230,Loyalty,F,Cyber services,Mobile Money,No,28,10,280,High
5/3/2024,NTC002231,Loyalty,F,Stationery & Office Supplies,Mobile Money,Yes,2,10,20,Low
5/3/2024,NTC002232,Non-loyalty,M,Print media,Mobile Money,Yes,2,60,120,High
5/3/2024,NTC002233,Loyalty,F,Cyber services,Mobile Money,No,1,20,20,Low
5/3/2024,NTC002234,Loyalty,M,Cyber services,Cash,No,6,5,30,Low
5/3/2024,NTC002235,Loyalty,M,Cyber services,Cash,No,1,50,50,Low
5/3/2024,NTC002236,Non-loyalty,F,Online support services,Cash,No,2,20,40,Low
5/4/2024,NTC002237,Loyalty,M,Cyber services,Cash,No,1,20,20,Low
5/4/2024,NTC002238,Non-loyalty,M,Cyber services,Cash,No,13,10,130,High
5/4/2024,NTC002239,Loyalty,F,Cyber services,Cash,No,1,10,10,Low
5/4/2024,NTC002240,Loyalty,M,Cyber services,Cash,Yes,1,30,30,Low
5/4/2024,NTC002241,Non-loyalty,M,Cyber services,Mobile Money,Yes,6,5,30,Low
5/4/2024,NTC002242,Non-loyalty,M,Cyber services,Mobile Money,No,1,80,80,Low
5/4/2024,NTC002243,Loyalty,M,Stationery & Office Supplies,Mobile Money,No,1,10,10,Low
5/6/2024,NTC002244,Loyalty,F,Cyber services,Mobile Money,No,12,10,120,High
5/6/2024,NTC002245,Non-loyalty,F,Online support services,Cash,No,6,20,120,High
5/7/2024,NTC002246,Loyalty,F,Cyber services,Cash,Yes,1,50,50,Low
5/7/2024,NTC002247,Loyalty,M,Cyber services,Cash,No,2,5,10,Low
5/8/2024,NTC002248,Non-loyalty,M,Cyber services,Mobile Money,No,3,10,30,Low
5/8/2024,NTC002249,Non-loyalty,F,Cyber services,Cash,No,8,5,40,Low
5/8/2024,NTC002250,Loyalty,M,Cyber services,Mobile Money,Yes,35,10,350,High
5/8/2024,NTC002251,Loyalty,M,Online support services,Cash,Yes,2,20,40,Low
5/8/2024,NTC002252,Loyalty,M,Cyber services,Cash,Yes,1,80,80,Low
5/8/2024,NTC002253,Loyalty,M,Cyber services,Cash,No,1,10,10,Low
5/8/2024,NTC002254,Non-loyalty,F,Cyber services,Cash,No,1,50,50,Low
5/9/2024,NTC002255,Loyalty,F,Cyber services,Mobile Money,Yes,1,60,60,Low
5/9/2024,NTC002256,Loyalty,F,Cyber services,Mobile Money,No,30,10,300,High
5/9/2024,NTC002257,Loyalty,M,Cyber services,Cash,Yes,53,5,265,High
5/9/2024,NTC002258,Non-loyalty,F,Cyber services,Mobile Money,No,1,50,50,Low
5/9/2024,NTC002259,Loyalty,F,Stationery & Office Supplies,Cash,No,1,10,10,Low
5/9/2024,NTC002260,Loyalty,M,Stationery & Office Supplies,Cash,No,2,3,6,Low
5/10/2024,NTC002261,Non-loyalty,M,Cyber services,Cash,No,110,10,1100,High
5/10/2024,NTC002262,Loyalty,F,Cyber services,Cash,Yes,1,50,50,Low
5/10/2024,NTC002263,Loyalty,F,Cyber services,Mobile Money,Yes,1,20,20,Low
5/10/2024,NTC002264,Non-loyalty,F,Cyber services,Cash,No,1,80,80,Low
5/11/2024,NTC002265,Loyalty,F,Cyber services,Cash,No,7,10,70,Low
5/11/2024,NTC002266,Non-loyalty,M,Cyber services,Mobile Money,Yes,15,5,75,Low
5/11/2024,NTC002267,Loyalty,F,Cyber services,Cash,Yes,11,20,220,High
5/11/2024,NTC002268,Loyalty,F,Cyber services,Mobile Money,Yes,5,40,200,High
5/13/2024,NTC002269,Non-loyalty,M,Cyber services,Cash,Yes,8,20,160,High
5/13/2024,NTC002270,Non-loyalty,F,Cyber services,Cash,Yes,1,10,10,Low
5/13/2024,NTC002271,Loyalty,M,Cyber services,Cash,No,1,50,50,Low
5/13/2024,NTC002272,Non-loyalty,M,Cyber services,Cash,Yes,2,10,20,Low
5/13/2024,NTC002273,Loyalty,M,Cyber services,Cash,No,1,5,5,Low
5/13/2024,NTC002274,Non-loyalty,F,Cyber services,Cash,No,2,450,900,High
5/14/2024,NTC002275,Non-loyalty,F,Cyber services,Mobile Money,No,3,10,30,Low
5/14/2024,NTC002276,Non-loyalty,M,Cyber services,Cash,No,1,50,50,Low
5/14/2024,NTC002277,Loyalty,F,Stationery & Office Supplies,Mobile Money,No,8,3,24,Low
5/14/2024,NTC002278,Non-loyalty,F,Online support services,Mobile Money,Yes,2,20,40,Low
5/14/2024,NTC002279,Loyalty,M,Cyber services,Cash,Yes,26,10,260,High
5/14/2024,NTC002280,Loyalty,M,Cyber services,Mobile Money,Yes,56,5,280,High
5/14/2024,NTC002281,Non-loyalty,F,Online support services,Cash,No,1,10,10,Low
5/14/2024,NTC002282,Non-loyalty,M,Stationery & Office Supplies,Mobile Money,Yes,2,10,20,Low
5/14/2024,NTC002283,Loyalty,F,Cyber services,Cash,Yes,1,20,20,Low
5/14/2024,NTC002284,Loyalty,F,Cyber services,Mobile Money,No,2,25,50,Low
5/14/2024,NTC002285,Loyalty,F,Cyber services,Mobile Money,Yes,1,20,20,Low
5/15/2024,NTC002286,Loyalty,F,Cyber services,Cash,No,46,10,460,High
5/15/2024,NTC002287,Loyalty,M,Print media,Mobile Money,Yes,1,60,60,Low
5/15/2024,NTC002288,Loyalty,M,Stationery & Office Supplies,Cash,No,3,10,30,Low
5/15/2024,NTC002289,Loyalty,M,Cyber services,Cash,Yes,4,5,20,Low
5/15/2024,NTC002290,Non-loyalty,M,Cyber services,Cash,Yes,1,20,20,Low
5/16/2024,NTC002291,Non-loyalty,F,Print media,Cash,No,1,60,60,Low
5/16/2024,NTC002292,Loyalty,F,Online support services,Cash,Yes,1,40,40,Low
5/16/2024,NTC002293,Loyalty,M,Cyber services,Mobile Money,Yes,3,10,30,Low
5/16/2024,NTC002294,Non-loyalty,F,Stationery & Office Supplies,Mobile Money,Yes,1,50,50,Low
5/17/2024,NTC002295,Non-loyalty,F,Online support services,Mobile Money,No,1,20,20,Low
5/17/2024,NTC002296,Non-loyalty,F,Cyber services,Cash,Yes,10,5,50,Low
5/17/2024,NTC002297,Non-loyalty,M,Cyber services,Mobile Money,Yes,2,50,100,High
5/17/2024,NTC002298,Non-loyalty,M,Cyber services,Mobile Money,Yes,2,20,40,Low
5/17/2024,NTC002299,Loyalty,M,Online support services,Mobile Money,Yes,1,150,150,High
5/17/2024,NTC002300,Loyalty,F,Stationery & Office Supplies,Mobile Money,Yes,1,10,10,Low
5/17/2024,NTC002301,Loyalty,M,Stationery & Office Supplies,Mobile Money,No,2,3,6,Low
5/17/2024,NTC002302,Loyalty,M,Cyber services,Cash,Yes,1,10,10,Low
5/17/2024,NTC002303,Loyalty,M,Cyber services,Cash,Yes,1,10,10,Low
5/17/2024,NTC002304,Loyalty,M,Stationery & Office Supplies,Mobile Money,No,1,50,50,Low
5/18/2024,NTC002305,Non-loyalty,M,Print media,Cash,No,1,60,60,Low
5/18/2024,NTC002306,Loyalty,M,Cyber services,Cash,Yes,3,10,30,Low
5/18/2024,NTC002307,Loyalty,F,Cyber services,Mobile Money,Yes,1,10,10,Low
5/18/2024,NTC002308,Non-loyalty,F,Stationery & Office Supplies,Mobile Money,Yes,1,10,10,Low
5/18/2024,NTC002309,Loyalty,M,Online support services,Cash,Yes,1,50,50,Low
5/18/2024,NTC002310,Loyalty,M,Cyber services,Mobile Money,Yes,1,30,30,Low
5/20/2024,NTC002311,Loyalty,F,Cyber services,Cash,No,14,5,70,Low
5/20/2024,NTC002312,Non-loyalty,F,Cyber services,Cash,No,1,10,10,Low
5/20/2024,NTC002313,Non-loyalty,M,Cyber services,Mobile Money,Yes,2,10,20,Low
5/20/2024,NTC002314,Loyalty,M,Cyber services,Cash,Yes,5,10,50,Low
5/20/2024,NTC002315,Non-loyalty,M,Cyber services,Cash,No,10,20,200,High
5/20/2024,NTC002316,Non-loyalty,M,Online support services,Cash,Yes,1,20,20,Low
5/20/2024,NTC002317,Loyalty,F,Stationery & Office Supplies,Mobile Money,Yes,1,10,10,Low
5/20/2024,NTC002318,Non-loyalty,M,Cyber services,Mobile Money,Yes,1,50,50,Low
5/20/2024,NTC002319,Loyalty,M,Cyber services,Mobile Money,Yes,1,100,100,High
5/20/2024,NTC002320,Loyalty,M,Stationery & Office Supplies,Mobile Money,No,1,50,50,Low
5/20/2024,NTC002321,Non-loyalty,M,Online support services,Cash,Yes,1,50,50,Low
5/20/2024,NTC002322,Loyalty,F,Cyber services,Mobile Money,Yes,1,20,20,Low
5/20/2024,NTC002323,Loyalty,F,Cyber services,Mobile Money,Yes,10,5,50,Low
5/20/2024,NTC002324,Non-loyalty,F,Cyber services,Mobile Money,Yes,5,10,50,Low
5/20/2024,NTC002325,Loyalty,M,Stationery & Office Supplies,Mobile Money,No,1,10,10,Low
5/22/2024,NTC002326,Loyalty,M,Stationery & Office Supplies,Cash,Yes,4,3,12,Low
5/22/2024,NTC002327,Loyalty,F,Cyber services,Cash,No,1,10,10,Low
5/22/2024,NTC002328,Non-loyalty,M,Cyber services,Cash,No,1,20,20,Low
5/22/2024,NTC002329,Loyalty,M,Cyber services,Mobile Money,No,1,5,5,Low
5/22/2024,NTC002330,Loyalty,F,Online support services,Mobile Money,No,1,50,50,Low
5/23/2024,NTC002331,Loyalty,F,Cyber services,Cash,No,1,10,10,Low
5/23/2024,NTC002332,Non-loyalty,F,Online support services,Mobile Money,Yes,2,50,100,High
5/23/2024,NTC002333,Loyalty,F,Cyber services,Mobile Money,No,2,50,100,High
5/23/2024,NTC002334,Non-loyalty,M,Cyber services,Cash,Yes,19,10,190,High
5/23/2024,NTC002335,Loyalty,M,Online support services,Cash,Yes,1,20,20,Low
5/23/2024,NTC002336,Loyalty,F,Cyber services,Mobile Money,No,1,20,20,Low
5/23/2024,NTC002337,Loyalty,M,Cyber services,Mobile Money,Yes,4,10,40,Low
5/24/2024,NTC002338,Non-loyalty,F,Print media,Mobile Money,No,1,60,60,Low
5/24/2024,NTC002339,Loyalty,F,Online support services,Cash,Yes,1,50,50,Low
5/24/2024,NTC002340,Loyalty,M,Stationery & Office Supplies,Cash,No,4,100,400,High
5/24/2024,NTC002341,Loyalty,F,Stationery & Office Supplies,Cash,No,1,20,20,Low
5/24/2024,NTC002342,Non-loyalty,M,Cyber services,Cash,Yes,3,10,30,Low
5/24/2024,NTC002343,Non-loyalty,M,Stationery & Office Supplies,Mobile Money,No,1,10,10,Low
5/24/2024,NTC002344,Non-loyalty,M,Cyber services,Cash,Yes,24,5,120,High
5/24/2024,NTC002345,Loyalty,M,Cyber services,Cash,Yes,1,80,80,Low
5/24/2024,NTC002346,Loyalty,F,Online support services,Mobile Money,Yes,2,500,1000,High
5/24/2024,NTC002347,Loyalty,M,Cyber services,Mobile Money,Yes,2,10,20,Low
5/25/2024,NTC002348,Loyalty,F,Print media,Mobile Money,No,1,60,60,Low
5/25/2024,NTC002349,Loyalty,F,Cyber services,Cash,No,2,50,100,High
5/25/2025,NTC002350,Loyalty,F,Cyber services,Mobile Money,No,10,10,100,High
5/25/2024,NTC002351,Loyalty,F,Cyber services,Mobile Money,Yes,1,80,80,Low
5/25/2024,NTC002352,Loyalty,M,Cyber services,Cash,No,2,5,10,Low
5/25/2024,NTC002353,Loyalty,M,Cyber services,Cash,Yes,1,20,20,Low
5/27/2024,NTC002354,Loyalty,F,Cyber services,Mobile Money,No,4,5,20,Low
5/27/2024,NTC002355,Non-loyalty,F,Cyber services,Cash,Yes,10,10,100,High
5/27/2024,NTC002356,Loyalty,M,Cyber services,Mobile Money,Yes,1,50,50,Low
5/27/2024,NTC002357,Loyalty,F,Online support services,Mobile Money,No,1,150,150,High
5/28/2024,NTC002358,Non-loyalty,M,Print media,Cash,No,2,60,120,High
5/28/2024,NTC002359,Non-loyalty,F,Cyber services,Mobile Money,Yes,8,10,80,Low
5/28/2024,NTC002360,Non-loyalty,M,Stationery & Office Supplies,Cash,Yes,3,10,30,Low
5/28/2024,NTC002361,Non-loyalty,F,Cyber services,Cash,Yes,18,5,90,High
5/28/2024,NTC002362,Loyalty,F,Cyber services,Cash,Yes,3,10,30,Low
5/29/2024,NTC002363,Non-loyalty,M,Print media,Mobile Money,Yes,3,60,180,High
5/29/2024,NTC002364,Non-loyalty,F,Cyber services,Cash,No,6,5,30,Low
5/29/2024,NTC002365,Loyalty,F,Cyber services,Cash,Yes,2,10,20,Low
5/29/2024,NTC002366,Non-loyalty,M,Cyber services,Mobile Money,Yes,3,10,30,Low
5/29/2024,NTC002367,Non-loyalty,F,Cyber services,Mobile Money,No,2,20,40,Low
5/29/2024,NTC002368,Loyalty,M,Cyber services,Mobile Money,No,31,10,310,High
5/29/2024,NTC002369,Loyalty,M,Online support services,Mobile Money,No,1,145,145,High
5/30/2024,NTC002370,Loyalty,F,Cyber services,Cash,Yes,30,10,300,High
5/30/2024,NTC002371,Loyalty,F,Cyber services,Cash,No,44,5,220,High
5/30/2024,NTC002372,Loyalty,F,Cyber services,Cash,Yes,1,40,40,Low
5/30/2024,NTC002373,Loyalty,F,Cyber services,Mobile Money,Yes,1,80,80,Low
5/30/2024,NTC002374,Loyalty,F,Cyber services,Mobile Money,No,1,50,50,Low
5/30/2024,NTC002375,Loyalty,F,Stationery & Office Supplies,Cash,Yes,2,10,20,Low
5/30/2024,NTC002376,Loyalty,F,Cyber services,Mobile Money,No,1,30,30,Low
5/30/2024,NTC002377,Loyalty,M,Online support services,Mobile Money,No,1,200,200,High
5/30/2024,NTC002378,Loyalty,F,Cyber services,Cash,Yes,2,40,80,Low
5/30/2024,NTC002379,Non-loyalty,M,Online support services,Cash,Yes,1,50,50,Low
5/30/2024,NTC002380,Loyalty,F,Cyber services,Mobile Money,No,2,10,20,Low
5/30/2024,NTC002381,Loyalty,F,Cyber services,Mobile Money,Yes,3,20,60,Low
5/30/2024,NTC002382,Loyalty,M,Cyber services,Mobile Money,Yes,3,10,30,Low
5/30/2024,NTC002383,Loyalty,F,Stationery & Office Supplies,Cash,Yes,2,3,6,Low
5/31/2024,NTC002384,Loyalty,F,Cyber services,Cash,No,3,10,30,Low
5/31/2024,NTC002385,Non-loyalty,M,Cyber services,Cash,Yes,2,50,100,High
5/31/2024,NTC002386,Non-loyalty,F,Cyber services,Cash,Yes,6,5,30,Low
5/31/2024,NTC002387,Loyalty,F,Stationery & Office Supplies,Cash,Yes,2,3,6,Low
5/31/2024,NTC002388,Loyalty,F,Print media,Mobile Money,No,1,60,60,Low
5/31/2024,NTC002389,Loyalty,M,Stationery & Office Supplies,Mobile Money,No,1,10,10,Low
5/31/2024,NTC002390,Loyalty,F,Cyber services,Mobile Money,No,2,20,40,Low
5/31/2024,NTC002391,Loyalty,F,Online support services,Cash,No,1,40,40,Low
5/31/2024,NTC002392,Loyalty,F,Cyber services,Cash,No,15,10,150,High
6/2/2024,NTC002393,Loyalty,F,Cyber services,Cash,Yes,11,10,110,High
6/2/2024,NTC002394,Loyalty,M,Cyber services,Mobile Money,No,7,20,140,High
6/2/2024,NTC002395,Loyalty,M,Stationery & Office Supplies,Cash,No,2,10,20,Low
6/2/2024,NTC002396,Loyalty,F,Cyber services,Cash,Yes,2,10,20,Low
6/2/2024,NTC002397,Non-loyalty,F,Stationery & Office Supplies,Mobile Money,Yes,8,3,24,Low
6/3/2024,NTC002398,Loyalty,M,Cyber services,Cash,Yes,2,10,20,Low
6/3/2024,NTC002399,Loyalty,M,Cyber services,Mobile Money,No,2,5,10,Low
6/3/2024,NTC002400,Non-loyalty,F,Cyber services,Cash,Yes,2,30,60,Low
6/3/2024,NTC002401,Loyalty,M,Cyber services,Cash,No,1,10,10,Low
6/3/2024,NTC002402,Loyalty,F,Stationery & Office Supplies,Mobile Money,No,6,3,18,Low
6/3/2024,NTC002403,Non-loyalty,M,Stationery & Office Supplies,Mobile Money,No,6,3,18,Low
6/4/2024,NTC002404,Loyalty,M,Cyber services,Mobile Money,Yes,10,10,100,High
6/4/2024,NTC002405,Non-loyalty,M,Cyber services,Mobile Money,No,19,5,95,High
6/4/2024,NTC002406,Non-loyalty,M,Stationery & Office Supplies,Mobile Money,Yes,3,20,60,Low
6/4/2024,NTC002407,Loyalty,F,Stationery & Office Supplies,Mobile Money,Yes,4,13,52,Low
6/4/2024,NTC002408,Loyalty,M,Cyber services,Cash,Yes,5,20,100,High
6/4/2024,NTC002409,Non-loyalty,M,Cyber services,Cash,Yes,13,10,130,High
6/4/2024,NTC002410,Non-loyalty,F,Stationery & Office Supplies,Mobile Money,No,3,10,30,Low
6/4/2024,NTC002411,Loyalty,M,Stationery & Office Supplies,Cash,Yes,3,30,90,High
6/4/2024,NTC002412,Non-loyalty,M,Online support services,Mobile Money,Yes,1,10,10,Low
6/4/2024,NTC002413,Non-loyalty,F,Online support services,Cash,Yes,1,40,40,Low
6/5/2024,NTC002414,Non-loyalty,M,Cyber services,Mobile Money,Yes,1,50,50,Low
6/5/2024,NTC002415,Loyalty,F,Stationery & Office Supplies,Cash,No,2,10,20,Low
6/5/2024,NTC002416,Loyalty,F,Stationery & Office Supplies,Cash,No,2,3,6,Low
6/5/2024,NTC002417,Loyalty,F,Cyber services,Cash,No,14,5,70,Low
6/5/2024,NTC002418,Loyalty,F,Cyber services,Cash,No,2,10,20,Low
6/6/2024,NTC002419,Loyalty,M,Cyber services,Cash,Yes,3,20,60,Low
6/6/2024,NTC002420,Non-loyalty,F,Cyber services,Mobile Money,No,1,20,20,Low
6/6/2024,NTC002421,Loyalty,M,Print media,Mobile Money,Yes,1,60,60,Low
6/6/2024,NTC002422,Non-loyalty,M,Cyber services,Mobile Money,Yes,3,50,150,High
6/6/2024,NTC002423,Non-loyalty,M,Online support services,Cash,No,1,50,50,Low
6/6/2024,NTC002424,Loyalty,M,Online support services,Mobile Money,Yes,10,5,50,Low
6/6/2024,NTC002425,Loyalty,M,Online support services,Cash,No,1,150,150,High
6/7/2024,NTC002426,Loyalty,M,Cyber services,Cash,Yes,1,10,10,Low
6/7/2024,NTC002427,Non-loyalty,M,Cyber services,Cash,Yes,6,5,30,Low
6/7/2024,NTC002428,Loyalty,M,Cyber services,Mobile Money,Yes,1,50,50,Low
6/7/2024,NTC002429,Non-loyalty,M,Stationery & Office Supplies,Cash,No,1,10,10,Low
6/7/2024,NTC002430,Non-loyalty,M,Cyber services,Mobile Money,Yes,1,70,70,Low
6/7/2024,NTC002431,Loyalty,F,Cyber services,Mobile Money,Yes,4,50,200,High
6/7/2024,NTC002432,Loyalty,F,Cyber services,Cash,Yes,1,50,50,Low
6/8/2024,NTC002433,Loyalty,F,Cyber services,Cash,No,1,80,80,Low
6/8/2024,NTC002434,Non-loyalty,M,Cyber services,Mobile Money,No,1,70,70,Low
6/8/2024,NTC002435,Loyalty,F,Cyber services,Mobile Money,No,50,10,500,High
6/8/2024,NTC002436,Loyalty,F,Cyber services,Mobile Money,No,1,170,170,High
6/8/2024,NTC002437,Loyalty,F,Stationery & Office Supplies,Mobile Money,No,2,10,20,Low
6/8/2024,NTC002438,Loyalty,M,Stationery & Office Supplies,Mobile Money,No,2,30,60,Low
6/8/2024,NTC002439,Loyalty,M,Cyber services,Mobile Money,No,1,400,400,High
6/8/2024,NTC002440,Non-loyalty,M,Cyber services,Cash,No,1,500,500,High
6/10/2024,NTC002441,Loyalty,M,Stationery & Office Supplies,Mobile Money,No,1,80,80,Low
6/10/2024,NTC002442,Loyalty,F,Cyber services,Mobile Money,Yes,1,5,5,Low
6/10/2024,NTC002443,Non-loyalty,F,Print media,Mobile Money,No,1,60,60,Low
6/10/2024,NTC002444,Loyalty,F,Cyber services,Mobile Money,No,2,10,20,Low
6/11/2024,NTC002445,Loyalty,F,Cyber services,Cash,No,12,10,120,High
6/11/2024,NTC002446,Non-loyalty,M,Stationery & Office Supplies,Cash,Yes,2,10,20,Low
6/11/2024,NTC002447,Loyalty,M,Cyber services,Mobile Money,Yes,1,70,70,Low
6/11/2024,NTC002448,Non-loyalty,M,Cyber services,Mobile Money,Yes,1,400,400,High
6/11/2024,NTC002449,Loyalty,F,Cyber services,Mobile Money,Yes,2,5,10,Low
6/11/2024,NTC002450,Loyalty,M,Cyber services,Cash,Yes,1,20,20,Low
6/11/2024,NTC002451,Non-loyalty,M,Stationery & Office Supplies,Cash,No,1,50,50,Low
6/11/2024,NTC002452,Non-loyalty,F,Cyber services,Cash,Yes,1,70,70,Low
6/12/2024,NTC002453,Non-loyalty,F,Cyber services,Cash,No,1,400,400,High
6/12/2024,NTC002454,Loyalty,M,Cyber services,Cash,Yes,2,5,10,Low
6/12/2024,NTC002455,Loyalty,M,Cyber services,Cash,No,4,50,200,High
6/12/2024,NTC002456,Loyalty,M,Cyber services,Mobile Money,Yes,5,20,100,High
6/12/2024,NTC002457,Non-loyalty,M,Cyber services,Cash,Yes,9,20,180,High
6/12/2024,NTC002458,Non-loyalty,M,Cyber services,Cash,Yes,3,10,30,Low
6/12/2024,NTC002459,Loyalty,M,Cyber services,Mobile Money,Yes,1,80,80,Low
6/12/2024,NTC002460,Non-loyalty,F,Stationery & Office Supplies,Cash,No,1,30,30,Low
6/12/2024,NTC002461,Loyalty,F,Cyber services,Mobile Money,Yes,1,70,70,Low
6/12/2024,NTC002462,Non-loyalty,F,Cyber services,Cash,No,1,50,50,Low
6/12/2024,NTC002463,Loyalty,M,Online support services,Mobile Money,No,1,70,70,Low
6/13/2024,NTC002464,Loyalty,F,Cyber services,Mobile Money,No,1,70,70,Low
6/13/2024,NTC002465,Non-loyalty,M,Cyber services,Mobile Money,No,1,10,10,Low
6/13/2024,NTC002466,Loyalty,M,Cyber services,Mobile Money,No,1,20,20,Low
6/13/2024,NTC002467,Loyalty,F,Cyber services,Mobile Money,No,22,5,110,High
6/13/2024,NTC002468,Loyalty,M,Cyber services,Cash,Yes,1,70,70,Low
6/13/2024,NTC002469,Non-loyalty,M,Online support services,Cash,Yes,1,20,20,Low
6/13/2024,NTC002470,Loyalty,F,Cyber services,Mobile Money,Yes,1,450,450,High
6/13/2024,NTC002471,Loyalty,F,Cyber services,Mobile Money,No,1,450,450,High
6/13/2024,NTC002472,Loyalty,F,Cyber services,Mobile Money,Yes,1,80,80,Low
6/13/2024,NTC002473,Loyalty,M,Stationery & Office Supplies,Cash,Yes,1,10,10,Low
6/13/2024,NTC002474,Non-loyalty,F,Stationery & Office Supplies,Mobile Money,No,1,50,50,Low
6/13/2024,NTC002475,Non-loyalty,F,Online support services,Mobile Money,No,1,200,200,High
6/13/2024,NTC002476,Non-loyalty,M,Cyber services,Mobile Money,Yes,1,10,10,Low
6/14/2024,NTC002477,Loyalty,F,Print media,Mobile Money,No,1,60,60,Low
6/14/2024,NTC002478,Loyalty,F,Cyber services,Cash,Yes,14,5,70,Low
6/14/2024,NTC002479,Non-loyalty,F,Cyber services,Mobile Money,Yes,1,10,10,Low
6/15/2024,NTC002480,Non-loyalty,M,Cyber services,Mobile Money,Yes,12,5,60,Low
6/15/2024,NTC002481,Loyalty,M,Print media,Cash,Yes,1,60,60,Low
6/15/2024,NTC002482,Loyalty,M,Cyber services,Mobile Money,No,1,750,750,High
6/15/2024,NTC002483,Loyalty,M,Online support services,Mobile Money,Yes,1,150,150,High
6/15/2024,NTC002484,Loyalty,F,Cyber services,Cash,No,2,30,60,Low
6/15/2024,NTC002485,Non-loyalty,M,Cyber services,Cash,Yes,9,20,180,High
6/15/2024,NTC002486,Loyalty,M,Cyber services,Cash,No,1,10,10,Low
6/16/2024,NTC002487,Non-loyalty,F,Cyber services,Mobile Money,Yes,2,50,100,High
6/16/2024,NTC002488,Loyalty,F,Cyber services,Mobile Money,Yes,1,50,50,Low
6/16/2024,NTC002489,Loyalty,F,Stationery & Office Supplies,Cash,Yes,1,10,10,Low
6/16/2024,NTC002490,Loyalty,M,Cyber services,Cash,No,1,30,30,Low
6/16/2024,NTC002491,Loyalty,M,Cyber services,Cash,No,1,10,10,Low
6/16/2024,NTC002492,Loyalty,M,Cyber services,Mobile Money,Yes,4,5,20,Low
6/17/2024,NTC002493,Loyalty,F,Cyber services,Mobile Money,Yes,1,50,50,Low
6/17/2024,NTC002494,Loyalty,F,Cyber services,Cash,No,30,5,150,High
6/17/2024,NTC002495,Loyalty,M,Cyber services,Mobile Money,Yes,1,150,150,High
6/17/2024,NTC002496,Loyalty,F,Cyber services,Cash,Yes,1,700,700,High
6/18/2024,NTC002497,Non-loyalty,F,Cyber services,Mobile Money,No,11,10,110,High
6/18/2024,NTC002498,Loyalty,F,Cyber services,Mobile Money,Yes,6,5,30,Low
6/18/2024,NTC002499,Loyalty,M,Cyber services,Mobile Money,Yes,1,50,50,Low
6/18/2024,NTC002500,Loyalty,F,Online support services,Mobile Money,Yes,1,150,150,High
6/18/2024,NTC002501,Loyalty,F,Online support services,Cash,No,1,150,150,High
6/18/2024,NTC002502,Loyalty,M,Online support services,Mobile Money,No,1,150,150,High
6/18/2024,NTC002503,Non-loyalty,M,Stationery & Office Supplies,Mobile Money,No,1,10,10,Low
6/18/2024,NTC002504,Loyalty,F,Stationery & Office Supplies,Cash,Yes,1,5,5,Low
6/18/2024,NTC002505,Loyalty,F,Cyber services,Mobile Money,Yes,3,50,150,High
6/18/2024,NTC002506,Loyalty,M,Online support services,Cash,No,1,25,25,Low
6/18/2024,NTC002507,Non-loyalty,M,Online support services,Cash,Yes,1,150,150,High
6/18/2024,NTC002508,Loyalty,F,Cyber services,Mobile Money,Yes,1,10,10,Low
6/18/2024,NTC002509,Loyalty,F,Stationery & Office Supplies,Mobile Money,Yes,24,3,72,Low
6/19/2024,NTC002510,Non-loyalty,F,Cyber services,Cash,Yes,1,20,20,Low
6/19/2024,NTC002511,Non-loyalty,F,Cyber services,Cash,Yes,1,50,50,Low
6/19/2024,NTC002512,Loyalty,M,Cyber services,Cash,Yes,1,200,200,High
6/19/2024,NTC002513,Non-loyalty,F,Stationery & Office Supplies,Mobile Money,No,1,10,10,Low
6/19/2024,NTC002514,Non-loyalty,F,Stationery & Office Supplies,Cash,No,8,3,24,Low
6/21/2024,NTC002515,Loyalty,M,Cyber services,Cash,Yes,2,10,20,Low
6/21/2024,NTC002516,Loyalty,F,Cyber services,Cash,No,8,5,40,Low
6/21/2024,NTC002517,Loyalty,M,Cyber services,Mobile Money,Yes,1,20,20,Low
6/21/2024,NTC002518,Loyalty,F,Cyber services,Cash,No,3,300,900,High
6/21/2024,NTC002519,Loyalty,F,Online support services,Mobile Money,Yes,1,200,200,High
6/22/2024,NTC002520,Loyalty,M,Cyber services,Mobile Money,Yes,3,5,15,Low
6/22/2024,NTC002521,Non-loyalty,M,Cyber services,Cash,Yes,19,10,190,High
6/22/2024,NTC002522,Loyalty,F,Stationery & Office Supplies,Mobile Money,Yes,3,10,30,Low
6/22/2024,NTC002523,Loyalty,F,Cyber services,Cash,Yes,2,70,140,High
6/22/2024,NTC002524,Loyalty,F,Cyber services,Mobile Money,Yes,2,50,100,High
6/22/2024,NTC002525,Loyalty,M,Online support services,Mobile Money,Yes,1,50,50,Low
6/22/2024,NTC002526,Non-loyalty,F,Online support services,Cash,No,1,200,200,High
6/22/2024,NTC002527,Loyalty,M,Cyber services,Cash,Yes,1,20,20,Low
6/22/2024,NTC002528,Non-loyalty,M,Cyber services,Cash,No,1,550,550,High
6/22/2024,NTC002529,Loyalty,F,Online support services,Mobile Money,Yes,1,30,30,Low
6/23/2024,NTC002530,Non-loyalty,M,Cyber services,Mobile Money,No,22,10,220,High
6/23/2024,NTC002531,Loyalty,F,Cyber services,Cash,No,1,70,70,Low
6/24/2024,NTC002532,Loyalty,F,Cyber services,Cash,No,1,10,10,Low
6/24/2024,NTC002533,Loyalty,F,Cyber services,Mobile Money,Yes,1,10,10,Low
6/24/2024,NTC002534,Loyalty,F,Cyber services,Mobile Money,Yes,1,70,70,Low
6/24/2024,NTC002535,Non-loyalty,F,Cyber services,Mobile Money,No,4,50,200,High
6/24/2024,NTC002536,Loyalty,M,Cyber services,Cash,Yes,2,250,500,High
6/24/2024,NTC002537,Loyalty,M,Cyber services,Mobile Money,No,1,100,100,High
6/24/2024,NTC002538,Non-loyalty,F,Cyber services,Cash,Yes,2,400,800,High
6/24/2024,NTC002539,Loyalty,F,Online support services,Mobile Money,Yes,3,50,150,High
6/25/2024,NTC002540,Loyalty,M,Cyber services,Mobile Money,No,1,50,50,Low
6/25/2024,NTC002541,Loyalty,M,Stationery & Office Supplies,Cash,No,1,60,60,Low
6/25/2024,NTC002542,Loyalty,M,Cyber services,Cash,Yes,23,10,230,High
6/25/2024,NTC002543,Loyalty,M,Cyber services,Cash,Yes,1,70,70,Low
6/25/2024,NTC002544,Loyalty,F,Cyber services,Mobile Money,Yes,1,50,50,Low
6/25/2024,NTC002545,Non-loyalty,F,Cyber services,Mobile Money,No,1,20,20,Low
6/25/2024,NTC002546,Loyalty,M,Stationery & Office Supplies,Mobile Money,No,8,3,24,Low
6/25/2024,NTC002547,Loyalty,F,Stationery & Office Supplies,Cash,Yes,1,30,30,Low
6/25/2024,NTC002548,Loyalty,M,Online support services,Mobile Money,No,1,50,50,Low
6/26/2024,NTC002549,Loyalty,F,Online support services,Cash,Yes,4,50,200,High
6/26/2024,NTC002550,Loyalty,M,Cyber services,Cash,No,1,400,400,High
6/26/2024,NTC002551,Loyalty,F,Cyber services,Cash,Yes,1,20,20,Low
6/26/2024,NTC002552,Non-loyalty,M,Cyber services,Mobile Money,Yes,1,10,10,Low
6/26/2024,NTC002553,Loyalty,M,Online support services,Mobile Money,Yes,1,20,20,Low
6/26/2024,NTC002554,Non-loyalty,F,Stationery & Office Supplies,Cash,Yes,4,3,12,Low
6/27/2024,NTC002555,Non-loyalty,M,Cyber services,Mobile Money,No,1,70,70,Low
6/27/2024,NTC002556,Non-loyalty,F,Stationery & Office Supplies,Cash,Yes,3,30,90,High
6/27/2024,NTC002557,Non-loyalty,F,Cyber services,Cash,No,5,10,50,Low
6/27/2024,NTC002558,Non-loyalty,M,Stationery & Office Supplies,Mobile Money,No,2,10,20,Low
6/27/2024,NTC002559,Loyalty,F,Stationery & Office Supplies,Cash,Yes,1,10,10,Low
6/27/2024,NTC002560,Non-loyalty,F,Stationery & Office Supplies,Cash,No,1,20,20,Low
6/27/2024,NTC002561,Loyalty,F,Cyber services,Mobile Money,Yes,1,350,350,High
6/27/2024,NTC002562,Non-loyalty,F,Cyber services,Cash,No,2,10,20,Low
6/27/2024,NTC002563,Loyalty,F,Cyber services,Cash,Yes,1,40,40,Low
6/27/2024,NTC002564,Non-loyalty,M,Cyber services,Cash,No,6,5,30,Low
6/28/2024,NTC002565,Loyalty,F,Cyber services,Cash,No,2,10,20,Low
6/28/2024,NTC002566,Non-loyalty,F,Cyber services,Cash,Yes,5,20,100,High
6/28/2024,NTC002567,Non-loyalty,F,Print media,Cash,No,1,60,60,Low
6/28/2024,NTC002568,Non-loyalty,F,Cyber services,Cash,Yes,2,50,100,High
6/28/2024,NTC002569,Loyalty,F,Online support services,Mobile Money,No,4,50,200,High
6/29/2024,NTC002570,Loyalty,M,Stationery & Office Supplies,Mobile Money,Yes,2,3,6,Low
6/29/2024,NTC002571,Non-loyalty,F,Stationery & Office Supplies,Cash,No,1,10,10,Low
6/29/2024,NTC002572,Loyalty,M,Cyber services,Cash,No,6,10,60,Low
6/29/2024,NTC002573,Non-loyalty,M,Cyber services,Mobile Money,No,7,5,35,Low
6/29/2024,NTC002574,Loyalty,M,Cyber services,Mobile Money,No,5,20,100,High
6/29/2024,NTC002575,Non-loyalty,M,Cyber services,Mobile Money,Yes,1,20,20,Low
6/29/2024,NTC002576,Loyalty,F,Online support services,Mobile Money,No,1,20,20,Low
6/29/2024,NTC002577,Loyalty,M,Online support services,Mobile Money,No,1,150,150,High
6/29/2024,NTC002578,Loyalty,M,Online support services,Cash,Yes,15,50,750,High
7/1/2024,NTC002579,Non-loyalty,F,Print media,Mobile Money,No,1,60,60,Low
7/1/2024,NTC002580,Loyalty,F,Cyber services,Mobile Money,Yes,1,10,10,Low
7/1/2024,NTC002581,Loyalty,F,Online support services,Mobile Money,No,1,20,20,Low
7/1/2024,NTC002582,Non-loyalty,M,Cyber services,Cash,No,1,10,10,Low
7/2/2024,NTC002583,Loyalty,F,Cyber services,Cash,No,1,10,10,Low
7/2/2024,NTC002584,Non-loyalty,F,Cyber services,Cash,Yes,4,10,40,Low
7/2/2024,NTC002585,Loyalty,M,Stationery & Office Supplies,Cash,Yes,1,10,10,Low
7/2/2024,NTC002586,Loyalty,F,Cyber services,Cash,Yes,2,30,60,Low
7/2/2024,NTC002587,Loyalty,F,Cyber services,Cash,Yes,14,5,70,Low
7/2/2024,NTC002588,Loyalty,F,Stationery & Office Supplies,Mobile Money,Yes,12,3,36,Low
7/2/2024,NTC002589,Loyalty,F,Stationery & Office Supplies,Cash,Yes,1,30,30,Low
7/2/2024,NTC002590,Non-loyalty,M,Cyber services,Cash,No,1,40,40,Low
7/3/2024,NTC002591,Loyalty,F,Cyber services,Mobile Money,No,12,5,60,Low
7/3/2024,NTC002592,Loyalty,F,Cyber services,Cash,Yes,8,10,80,Low
7/3/2024,NTC002593,Loyalty,M,Stationery & Office Supplies,Mobile Money,No,8,3,24,Low
7/3/2024,NTC002594,Non-loyalty,F,Cyber services,Mobile Money,Yes,1,500,500,High
7/3/2024,NTC002595,Loyalty,M,Cyber services,Cash,Yes,3,30,90,High
7/3/2024,NTC002596,Non-loyalty,F,Cyber services,Mobile Money,Yes,4,10,40,Low
7/3/2024,NTC002597,Loyalty,M,Stationery & Office Supplies,Mobile Money,Yes,1,10,10,Low
7/3/2024,NTC002598,Loyalty,M,Cyber services,Mobile Money,Yes,1,5,5,Low
7/3/2024,NTC002599,Non-loyalty,M,Stationery & Office Supplies,Mobile Money,Yes,12,3,36,Low
7/3/2024,NTC002600,Non-loyalty,M,Cyber services,Cash,Yes,3,50,150,High
7/5/2024,NTC002601,Loyalty,F,Online support services,Mobile Money,Yes,1,20,20,Low
7/5/2024,NTC002602,Loyalty,M,Cyber services,Cash,Yes,1,10,10,Low
7/5/2024,NTC002603,Non-loyalty,F,Stationery & Office Supplies,Mobile Money,No,4,3,12,Low
7/5/2024,NTC002604,Loyalty,M,Cyber services,Mobile Money,No,85,10,850,High
7/5/2024,NTC002605,Non-loyalty,M,Cyber services,Mobile Money,No,3,150,450,High
7/5/2024,NTC002606,Loyalty,M,Print media,Cash,No,1,60,60,Low
7/6/2024,NTC002607,Loyalty,F,Cyber services,Cash,Yes,39,10,390,High
7/6/2024,NTC002608,Loyalty,M,Stationery & Office Supplies,Cash,No,4,10,40,Low
7/6/2024,NTC002609,Loyalty,F,Cyber services,Mobile Money,Yes,1,50,50,Low
7/6/2024,NTC002610,Loyalty,F,Cyber services,Mobile Money,Yes,11,5,55,Low
7/6/2024,NTC002611,Loyalty,F,Cyber services,Mobile Money,Yes,1,10,10,Low
7/6/2024,NTC002612,Loyalty,F,Cyber services,Mobile Money,No,1,20,20,Low
7/6/2024,NTC002613,Loyalty,F,Cyber services,Cash,Yes,1,50,50,Low
7/6/2024,NTC002614,Non-loyalty,F,Cyber services,Mobile Money,Yes,1,3,3,Low
7/7/2024,NTC002615,Loyalty,F,Cyber services,Cash,Yes,45,5,225,High
7/8/2024,NTC002616,Loyalty,F,Cyber services,Mobile Money,Yes,10,10,100,High
7/8/2024,NTC002617,Loyalty,F,Cyber services,Cash,Yes,5,10,50,Low
7/8/2024,NTC002618,Loyalty,M,Cyber services,Cash,No,3,5,15,Low
7/8/2024,NTC002619,Non-loyalty,M,Stationery & Office Supplies,Mobile Money,Yes,2,20,40,Low
7/8/2024,NTC002620,Loyalty,M,Cyber services,Mobile Money,Yes,1,50,50,Low
7/8/2024,NTC002621,Loyalty,M,Online support services,Cash,Yes,1,100,100,High
7/9/2024,NTC002622,Loyalty,M,Cyber services,Mobile Money,No,2,10,20,Low
7/9/2024,NTC002623,Non-loyalty,F,Online support services,Mobile Money,No,1,100,100,High
7/9/2024,NTC002624,Loyalty,F,Stationery & Office Supplies,Cash,No,3,15,45,Low
7/9/2024,NTC002625,Loyalty,F,Cyber services,Cash,No,15,5,75,Low
7/9/2024,NTC002626,Loyalty,F,Stationery & Office Supplies,Cash,No,2,10,20,Low
7/9/2024,NTC002627,Loyalty,F,Online support services,Cash,Yes,1,150,150,High
7/10/2024,NTC002628,Loyalty,F,Stationery & Office Supplies,Mobile Money,No,1,10,10,Low
7/10/2024,NTC002629,Non-loyalty,F,Cyber services,Cash,Yes,9,5,45,Low
7/11/2024,NTC002630,Loyalty,M,Cyber services,Cash,No,24,10,240,High
7/11/2024,NTC002631,Loyalty,M,Cyber services,Cash,Yes,8,20,160,High
7/11/2024,NTC002632,Loyalty,M,Cyber services,Mobile Money,Yes,2,5,10,Low
7/11/2024,NTC002633,Loyalty,M,Cyber services,Cash,No,4,10,40,Low
7/11/2024,NTC002634,Loyalty,F,Stationery & Office Supplies,Mobile Money,No,1,10,10,Low
7/11/2024,NTC002635,Loyalty,F,Cyber services,Cash,Yes,2,50,100,High
7/10/2024,NTC002636,Loyalty,F,Online support services,Cash,No,1,50,50,Low
7/12/2024,NTC002637,Loyalty,M,Cyber services,Mobile Money,No,2,30,60,Low
7/12/2024,NTC002638,Loyalty,F,Cyber services,Cash,Yes,7,50,350,High
7/12/2024,NTC002639,Loyalty,F,Stationery & Office Supplies,Cash,No,1,5,5,Low
7/12/2024,NTC002640,Non-loyalty,F,Stationery & Office Supplies,Mobile Money,Yes,4,10,40,Low
7/12/2024,NTC002641,Loyalty,M,Cyber services,Cash,No,26,5,130,High
7/12/2024,NTC002642,Non-loyalty,F,Print media,Cash,Yes,1,60,60,Low
7/12/2024,NTC002643,Loyalty,M,Online support services,Cash,Yes,1,50,50,Low
7/12/2024,NTC002644,Loyalty,M,Cyber services,Cash,No,1,20,20,Low
7/12/2024,NTC002645,Loyalty,M,Online support services,Mobile Money,Yes,1,15,15,Low
7/12/2024,NTC002646,Loyalty,M,Cyber services,Cash,Yes,4,10,40,Low
7/13/2024,NTC002647,Non-loyalty,F,Cyber services,Mobile Money,No,2,10,20,Low
7/13/2024,NTC002648,Loyalty,M,Cyber services,Cash,Yes,41,5,205,High
7/13/2024,NTC002649,Loyalty,M,Stationery & Office Supplies,Mobile Money,Yes,1,130,130,High
7/13/2024,NTC002650,Loyalty,F,Stationery & Office Supplies,Cash,Yes,2,10,20,Low
7/13/2024,NTC002651,Non-loyalty,F,Online support services,Mobile Money,No,2,100,200,High
7/13/2024,NTC002652,Loyalty,M,Cyber services,Cash,Yes,1,10,10,Low
7/13/2024,NTC002653,Loyalty,F,Cyber services,Mobile Money,Yes,3,50,150,High
7/14/2024,NTC002654,Non-loyalty,M,Print media,Mobile Money,No,1,60,60,Low
7/14/2024,NTC002655,Loyalty,M,Stationery & Office Supplies,Cash,Yes,2,10,20,Low
7/14/2024,NTC002656,Loyalty,M,Cyber services,Mobile Money,No,1,10,10,Low
7/14/2024,NTC002657,Loyalty,M,Cyber services,Cash,Yes,1,10,10,Low
7/14/2024,NTC002658,Non-loyalty,F,Cyber services,Cash,No,1,5,5,Low
7/14/2024,NTC002659,Loyalty,M,Stationery & Office Supplies,Cash,No,12,3,36,Low
7/14/2024,NTC002660,Loyalty,F,Cyber services,Cash,No,1,50,50,Low
7/14/2024,NTC002661,Loyalty,F,Cyber services,Cash,Yes,2,50,100,High
7/14/2024,NTC002662,Loyalty,F,Online support services,Mobile Money,No,1,200,200,High
7/16/2024,NTC002663,Loyalty,F,Online support services,Cash,Yes,1,20,20,Low
7/16/2024,NTC002664,Loyalty,M,Stationery & Office Supplies,Cash,No,2,10,20,Low
7/16/2024,NTC002665,Non-loyalty,F,Cyber services,Cash,No,43,10,430,High
7/16/2024,NTC002666,Non-loyalty,M,Cyber services,Cash,Yes,5,5,25,Low
7/16/2024,NTC002667,Loyalty,F,Cyber services,Cash,Yes,2,10,20,Low
7/16/2024,NTC002668,Non-loyalty,F,Online support services,Cash,No,1,20,20,Low
7/16/2024,NTC002669,Loyalty,M,Cyber services,Mobile Money,No,2,10,20,Low
7/16/2024,NTC002670,Non-loyalty,M,Cyber services,Mobile Money,Yes,11,5,55,Low
7/16/2024,NTC002671,Non-loyalty,M,Stationery & Office Supplies,Cash,Yes,2,50,100,High
7/16/2024,NTC002672,Non-loyalty,F,Cyber services,Mobile Money,Yes,2,50,100,High
7/18/2024,NTC002673,Loyalty,F,Print media,Cash,Yes,1,60,60,Low
7/18/2024,NTC002674,Loyalty,M,Cyber services,Cash,No,21,5,105,High
7/18/2024,NTC002675,Loyalty,M,Stationery & Office Supplies,Cash,No,3,30,90,High
7/19/2024,NTC002676,Loyalty,M,Stationery & Office Supplies,Cash,Yes,1,10,10,Low
7/19/2024,NTC002677,Loyalty,M,Cyber services,Cash,No,11,20,220,High
7/19/2024,NTC002678,Loyalty,F,Cyber services,Mobile Money,Yes,16,10,160,High
7/19/2024,NTC002679,Non-loyalty,M,Stationery & Office Supplies,Mobile Money,Yes,1,5,5,Low
7/19/2024,NTC002680,Non-loyalty,M,Stationery & Office Supplies,Mobile Money,Yes,3,10,30,Low
7/19/2024,NTC002681,Loyalty,M,Cyber services,Mobile Money,Yes,11,5,55,Low
7/19/2024,NTC002682,Loyalty,M,Stationery & Office Supplies,Cash,Yes,1,10,10,Low
7/19/2024,NTC002683,Non-loyalty,F,Cyber services,Mobile Money,No,1,10,10,Low
7/19/2024,NTC002684,Loyalty,M,Cyber services,Cash,No,7,20,140,High
7/19/2024,NTC002685,Loyalty,F,Cyber services,Mobile Money,Yes,10,20,200,High
7/19/2024,NTC002686,Loyalty,M,Cyber services,Mobile Money,No,1,50,50,Low
7/20/2024,NTC002687,Non-loyalty,M,Cyber services,Mobile Money,No,19,20,380,High
7/20/2024,NTC002688,Loyalty,F,Cyber services,Mobile Money,No,13,10,130,High
7/20/2024,NTC002689,Loyalty,M,Cyber services,Cash,Yes,1,50,50,Low
7/20/2024,NTC002690,Loyalty,F,Cyber services,Mobile Money,No,1,20,20,Low
7/20/2024,NTC002691,Loyalty,F,Online support services,Mobile Money,Yes,1,100,100,High
7/20/0204,NTC002692,Non-loyalty,M,Cyber services,Cash,No,1,30,30,Low
7/21/2024,NTC002693,Non-loyalty,F,Cyber services,Cash,Yes,5,5,25,Low
7/21/2024,NTC002694,Loyalty,F,Stationery & Office Supplies,Mobile Money,Yes,1,50,50,Low
7/21/2024,NTC002695,Loyalty,F,Stationery & Office Supplies,Cash,Yes,1,10,10,Low
7/21/2024,NTC002696,Non-loyalty,F,Stationery & Office Supplies,Cash,No,2,3,6,Low
7/22/2024,NTC002697,Loyalty,F,Cyber services,Cash,Yes,5,10,50,Low
7/22/2024,NTC002698,Loyalty,F,Stationery & Office Supplies,Mobile Money,No,4,5,20,Low
7/22/2024,NTC002699,Non-loyalty,F,Cyber services,Cash,Yes,11,10,110,High
7/22/2024,NTC002700,Loyalty,F,Cyber services,Mobile Money,No,2,20,40,Low
7/22/2024,NTC002701,Loyalty,M,Stationery & Office Supplies,Mobile Money,Yes,1,50,50,Low
7/22/2024,NTC002702,Loyalty,M,Cyber services,Mobile Money,No,2,20,40,Low
7/22/2024,NTC002703,Non-loyalty,F,Stationery & Office Supplies,Mobile Money,Yes,3,10,30,Low
7/22/2024,NTC002704,Loyalty,M,Cyber services,Cash,No,1,50,50,Low
7/22/2024,NTC002705,Non-loyalty,F,Cyber services,Mobile Money,No,1,20,20,Low
7/22/2024,NTC002706,Non-loyalty,F,Online support services,Cash,Yes,1,50,50,Low
7/22/2024,NTC002707,Loyalty,M,Cyber services,Mobile Money,Yes,1,50,50,Low
7/22/2024,NTC002708,Loyalty,F,Cyber services,Cash,Yes,1,100,100,High
7/23/2024,NTC002709,Loyalty,F,Cyber services,Mobile Money,Yes,3,5,15,Low
7/23/2024,NTC002710,Non-loyalty,F,Cyber services,Cash,No,14,10,140,High
7/23/2024,NTC002711,Loyalty,F,Cyber services,Mobile Money,Yes,2,50,100,High
7/23/2024,NTC002712,Loyalty,M,Cyber services,Mobile Money,Yes,1,30,30,Low
7/23/2024,NTC002713,Loyalty,F,Cyber services,Cash,No,2,50,100,High
7/23/2024,NTC002714,Loyalty,F,Cyber services,Mobile Money,Yes,1,250,250,High
7/23/2024,NTC002715,Non-loyalty,F,Print media,Mobile Money,Yes,1,60,60,Low
7/23/2024,NTC002716,Non-loyalty,M,Cyber services,Mobile Money,Yes,1,10,10,Low
7/23/2024,NTC002717,Loyalty,F,Online support services,Cash,No,1,100,100,High
7/24/2024,NTC002718,Loyalty,M,Cyber services,Mobile Money,No,33,10,330,High
7/24/2024,NTC002719,Non-loyalty,M,Cyber services,Mobile Money,No,1,50,50,Low
7/24/2024,NTC002720,Loyalty,F,Cyber services,Cash,No,1,10,10,Low
7/24/2024,NTC002721,Non-loyalty,F,Cyber services,Cash,Yes,2,80,160,High
7/24/2024,NTC002722,Loyalty,M,Cyber services,Cash,No,1,100,100,High
7/24/2024,NTC002723,Loyalty,F,Cyber services,Cash,Yes,1,10,10,Low
7/24/2024,NTC002724,Loyalty,M,Print media,Cash,Yes,1,60,60,Low
7/24/2024,NTC002725,Loyalty,M,Cyber services,Mobile Money,Yes,1,80,80,Low
7/25/2024,NTC002726,Loyalty,F,Cyber services,Mobile Money,No,17,10,170,High
7/25/2024,NTC002727,Loyalty,F,Stationery & Office Supplies,Mobile Money,Yes,1,10,10,Low
7/25/2024,NTC002728,Loyalty,M,Online support services,Cash,Yes,1,10,10,Low
7/25/2024,NTC002729,Loyalty,M,Cyber services,Mobile Money,No,6,5,30,Low
7/25/2024,NTC002730,Loyalty,M,Cyber services,Cash,Yes,2,50,100,High
7/26/2024,NTC002731,Non-loyalty,M,Cyber services,Cash,Yes,5,20,100,High
7/26/2024,NTC002732,Loyalty,F,Cyber services,Mobile Money,Yes,15,10,150,High
7/26/2024,NTC002733,Non-loyalty,F,Cyber services,Cash,Yes,4,5,20,Low
7/26/2024,NTC002734,Loyalty,F,Cyber services,Cash,Yes,2,20,40,Low
7/26/2024,NTC002735,Loyalty,F,Cyber services,Mobile Money,No,4,10,40,Low
7/26/2024,NTC002736,Loyalty,F,Stationery & Office Supplies,Cash,Yes,1,10,10,Low
7/26/2024,NTC002737,Loyalty,M,Stationery & Office Supplies,Cash,Yes,1,50,50,Low
7/26/2024,NTC002738,Loyalty,F,Stationery & Office Supplies,Mobile Money,Yes,1,5,5,Low
7/26/2024,NTC002739,Non-loyalty,F,Cyber services,Cash,No,1,50,50,Low
7/27/2024,NTC002740,Non-loyalty,F,Mobile Accessories,Cash,No,1,250,250,High
7/27/2024,NTC002741,Loyalty,F,Stationery & Office Supplies,Mobile Money,Yes,4,10,40,Low
7/27/2024,NTC002742,Loyalty,F,Cyber services,Mobile Money,Yes,5,10,50,Low
7/27/2024,NTC002743,Non-loyalty,M,Online support services,Mobile Money,Yes,1,150,150,High
7/29/2024,NTC002744,Non-loyalty,M,Cyber services,Mobile Money,No,8,10,80,Low
7/29/2024,NTC002745,Non-loyalty,M,Print media,Cash,Yes,1,60,60,Low
7/29/2024,NTC002746,Non-loyalty,F,Cyber services,Cash,Yes,2,50,100,High
7/29/2024,NTC002747,Loyalty,M,Cyber services,Mobile Money,No,2,50,100,High
7/29/2024,NTC002748,Loyalty,M,Stationery & Office Supplies,Cash,Yes,3,10,30,Low
7/29/2024,NTC002749,Loyalty,F,Cyber services,Cash,No,1,40,40,Low
7/29/2024,NTC002750,Non-loyalty,F,Online support services,Mobile Money,Yes,1,500,500,High
7/30/2024,NTC002751,Loyalty,F,Print media,Mobile Money,No,1,60,60,Low
7/30/2024,NTC002752,Loyalty,M,Cyber services,Cash,No,15,5,75,Low
7/30/2024,NTC002753,Loyalty,M,Cyber services,Mobile Money,Yes,1,20,20,Low
7/30/2024,NTC002754,Loyalty,F,Stationery & Office Supplies,Mobile Money,No,1,15,15,Low
7/30/2024,NTC002755,Non-loyalty,F,Cyber services,Mobile Money,No,12,10,120,High
7/30/2024,NTC002756,Non-loyalty,M,Cyber services,Cash,Yes,1,50,50,Low
7/30/2024,NTC002757,Non-loyalty,M,Online support services,Mobile Money,Yes,1,30,30,Low
7/30/2024,NTC002758,Non-loyalty,F,Stationery & Office Supplies,Cash,Yes,1,10,10,Low
7/30/2024,NTC002759,Loyalty,F,Cyber services,Cash,No,1,100,100,High
7/30/2024,NTC002760,Loyalty,M,Cyber services,Cash,No,2,30,60,Low
7/30/2024,NTC002761,Loyalty,F,Stationery & Office Supplies,Mobile Money,No,4,3,12,Low
7/31/2024,NTC002762,Non-loyalty,M,Stationery & Office Supplies,Mobile Money,Yes,4,10,40,Low
7/31/2024,NTC002763,Non-loyalty,M,Cyber services,Mobile Money,Yes,2,10,20,Low
7/31/2024,NTC002764,Non-loyalty,M,Cyber services,Mobile Money,No,1,50,50,Low
7/31/2024,NTC002765,Loyalty,M,Cyber services,Mobile Money,Yes,1,50,50,Low
7/31/2024,NTC002766,Non-loyalty,F,Stationery & Office Supplies,Cash,Yes,4,3,12,Low
8/1/2024,NTC002767,Loyalty,F,Cyber services,Cash,Yes,12,5,60,Low
8/1/2024,NTC002768,Non-loyalty,M,Stationery & Office Supplies,Cash,No,4,3,12,Low
8/1/2024,NTC002769,Non-loyalty,M,Cyber services,Mobile Money,Yes,2,10,20,Low
8/1/2024,NTC002770,Loyalty,M,Print media,Cash,No,2,60,120,High
8/1/2024,NTC002771,Non-loyalty,M,Stationery & Office Supplies,Cash,Yes,2,10,20,Low
8/1/2024,NTC002772,Non-loyalty,M,Cyber services,Mobile Money,Yes,2,50,100,High
8/1/2024,NTC002773,Loyalty,F,Cyber services,Mobile Money,No,30,10,300,High
8/2/2024,NTC002774,Loyalty,F,Cyber services,Cash,No,1,10,10,Low
8/2/2024,NTC002775,Loyalty,F,Cyber services,Cash,No,1,50,50,Low
8/2/2024,NTC002776,Non-loyalty,F,Cyber services,Mobile Money,Yes,9,10,90,High
8/2/2024,NTC002777,Loyalty,M,Stationery & Office Supplies,Mobile Money,No,2,10,20,Low
8/2/2024,NTC002778,Non-loyalty,M,Cyber services,Mobile Money,No,3,50,150,High
8/2/2024,NTC002779,Loyalty,M,Cyber services,Mobile Money,Yes,1,50,50,Low
8/2/2024,NTC002780,Loyalty,M,Cyber services,Cash,No,1,20,20,Low
8/2/2024,NTC002781,Non-loyalty,M,Cyber services,Cash,No,50,10,500,High
8/2/2024,NTC002782,Loyalty,F,Cyber services,Mobile Money,Yes,2,30,60,Low
8/3/2024,NTC002783,Loyalty,M,Cyber services,Cash,No,1,20,20,Low
8/3/2024,NTC002784,Non-loyalty,F,Cyber services,Cash,No,2,10,20,Low
8/3/2024,NTC002785,Non-loyalty,F,Cyber services,Mobile Money,Yes,10,5,50,Low
8/3/2024,NTC002786,Loyalty,F,Print media,Cash,Yes,1,60,60,Low
8/3/2024,NTC002787,Loyalty,F,Online support services,Cash,Yes,1,150,150,High
8/3/2024,NTC002788,Loyalty,M,Cyber services,Cash,No,2,50,100,High
8/3/2024,NTC002789,Non-loyalty,F,Cyber services,Mobile Money,Yes,1,100,100,High
8/3/2024,NTC002790,Non-loyalty,F,Stationery & Office Supplies,Mobile Money,No,1,50,50,Low
8/3/2024,NTC002791,Loyalty,F,Stationery & Office Supplies,Cash,No,2,3,6,Low
8/5/2024,NTC002792,Loyalty,M,Stationery & Office Supplies,Mobile Money,No,1,10,10,Low
8/5/2024,NTC002793,Loyalty,M,Cyber services,Mobile Money,Yes,22,10,220,High
8/5/2024,NTC002794,Loyalty,M,Stationery & Office Supplies,Mobile Money,Yes,1,10,10,Low
8/5/2024,NTC002795,Loyalty,F,Cyber services,Cash,Yes,1,5,5,Low
8/5/2024,NTC002796,Loyalty,F,Online support services,Cash,No,1,500,500,High
8/5/2024,NTC002797,Non-loyalty,M,Cyber services,Mobile Money,No,2,50,100,High
8/5/2024,NTC002798,Non-loyalty,F,Cyber services,Cash,No,1,20,20,Low
8/6/2024,NTC002799,Loyalty,M,Cyber services,Cash,Yes,64,5,320,High
8/6/2024,NTC002800,Loyalty,M,Cyber services,Cash,No,76,10,760,High
8/6/2024,NTC002801,Loyalty,F,Stationery & Office Supplies,Cash,No,9,10,90,High
8/6/2024,NTC002802,Loyalty,F,Print media,Cash,Yes,1,60,60,Low
8/6/2024,NTC002803,Loyalty,F,Stationery & Office Supplies,Mobile Money,No,1,80,80,Low
8/6/2024,NTC002804,Non-loyalty,F,Cyber services,Cash,Yes,7,70,490,High
8/6/2024,NTC002805,Non-loyalty,M,Online support services,Cash,Yes,1,20,20,Low
8/6/2024,NTC002806,Loyalty,M,Cyber services,Cash,Yes,2,20,40,Low
8/6/2024,NTC002807,Loyalty,M,Cyber services,Mobile Money,Yes,1,10,10,Low
8/6/2024,NTC002808,Loyalty,M,Cyber services,Mobile Money,No,1,50,50,Low
8/6/2024,NTC002809,Loyalty,M,Cyber services,Mobile Money,Yes,1,50,50,Low
8/6/2024,NTC002810,Loyalty,F,Cyber services,Cash,Yes,2,20,40,Low
8/7/2024,NTC002811,Non-loyalty,M,Cyber services,Mobile Money,Yes,2,5,10,Low
8/7/2024,NTC002812,Non-loyalty,M,Print media,Mobile Money,Yes,1,60,60,Low
8/7/2024,NTC002813,Non-loyalty,M,Cyber services,Mobile Money,Yes,33,10,330,High
8/7/2024,NTC002814,Loyalty,F,Stationery & Office Supplies,Mobile Money,No,1,10,10,Low
8/8/2024,NTC002815,Non-loyalty,F,Print media,Cash,Yes,1,60,60,Low
8/8/2024,NTC002816,Loyalty,F,Cyber services,Mobile Money,Yes,1,50,50,Low
8/8/2024,NTC002817,Loyalty,F,Cyber services,Mobile Money,Yes,1,20,20,Low
8/8/2024,NTC002818,Loyalty,M,Cyber services,Cash,Yes,2,10,20,Low
8/9/2024,NTC002819,Loyalty,M,Cyber services,Cash,Yes,50,10,500,High
8/9/2024,NTC002820,Loyalty,F,Stationery & Office Supplies,Mobile Money,Yes,3,10,30,Low
8/9/2024,NTC002821,Non-loyalty,F,Stationery & Office Supplies,Cash,Yes,2,30,60,Low
8/9/2024,NTC002822,Non-loyalty,M,Stationery & Office Supplies,Mobile Money,Yes,1,50,50,Low
8/9/2024,NTC002823,Non-loyalty,M,Stationery & Office Supplies,Cash,Yes,1,60,60,Low
8/9/2024,NTC002824,Loyalty,F,Online support services,Cash,No,1,250,250,High
8/10/2024,NTC002825,Loyalty,F,Cyber services,Mobile Money,Yes,2,5,10,Low
8/10/2024,NTC002826,Non-loyalty,F,Cyber services,Cash,No,16,10,160,High
8/10/2024,NTC002827,Loyalty,F,Stationery & Office Supplies,Mobile Money,No,1,10,10,Low
8/10/2024,NTC002828,Non-loyalty,M,Mobile Accessories,Cash,Yes,1,200,200,High
8/10/2024,NTC002829,Loyalty,M,Stationery & Office Supplies,Mobile Money,Yes,2,50,100,High
8/10/2024,NTC002830,Loyalty,M,Cyber services,Cash,No,1,20,20,Low
8/10/2024,NTC002831,Loyalty,F,Online support services,Cash,No,1,20,20,Low
8/10/2024,NTC002832,Loyalty,F,Online support services,Cash,Yes,1,100,100,High
8/11/2024,NTC002833,Loyalty,M,Stationery & Office Supplies,Cash,No,4,30,120,High
8/12/2024,NTC002834,Loyalty,M,Cyber services,Cash,No,57,10,570,High
8/12/2024,NTC002835,Non-loyalty,M,Cyber services,Mobile Money,Yes,14,5,70,Low
8/12/2024,NTC002836,Loyalty,M,Stationery & Office Supplies,Cash,Yes,1,5,5,Low
8/12/2024,NTC002837,Loyalty,F,Cyber services,Mobile Money,No,1,10,10,Low
8/12/2024,NTC002838,Loyalty,M,Cyber services,Mobile Money,Yes,1,50,50,Low
8/12/2024,NTC002839,Loyalty,M,Cyber services,Mobile Money,No,4,20,80,Low
8/12/2024,NTC002840,Loyalty,M,Stationery & Office Supplies,Cash,Yes,1,50,50,Low
8/12/2024,NTC002841,Loyalty,M,Cyber services,Mobile Money,Yes,2,50,100,High
8/12/2024,NTC002842,Loyalty,M,Cyber services,Cash,No,3,5,15,Low
8/12/2024,NTC002843,Loyalty,M,Stationery & Office Supplies,Mobile Money,No,6,3,18,Low
8/12/2024,NTC002844,Loyalty,M,Stationery & Office Supplies,Mobile Money,No,2,10,20,Low
8/12/2024,NTC002845,Loyalty,F,Stationery & Office Supplies,Mobile Money,Yes,1,5,5,Low
8/12/2024,NTC002846,Loyalty,F,Cyber services,Mobile Money,No,2,20,40,Low
8/13/2024,NTC002847,Loyalty,F,Cyber services,Mobile Money,Yes,1,10,10,Low
8/13/2024,NTC002848,Loyalty,F,Cyber services,Cash,No,1,5,5,Low
8/13/2024,NTC002849,Loyalty,M,Cyber services,Mobile Money,Yes,217,10,2170,High
8/13/2024,NTC002850,Non-loyalty,F,Print media,Mobile Money,Yes,1,60,60,Low
8/13/2024,NTC002851,Loyalty,F,Cyber services,Cash,No,3,20,60,Low
8/14/2024,NTC002852,Non-loyalty,M,Cyber services,Cash,No,2,50,100,High
8/14/2024,NTC002853,Loyalty,M,Print media,Cash,No,2,60,120,High
8/14/2024,NTC002854,Loyalty,F,Cyber services,Mobile Money,No,38,10,380,High
8/14/2024,NTC002855,Loyalty,F,Stationery & Office Supplies,Mobile Money,Yes,1,150,150,High
8/14/2024,NTC002856,Non-loyalty,M,Cyber services,Mobile Money,No,1,10,10,Low
8/14/2024,NTC002857,Non-loyalty,F,Stationery & Office Supplies,Mobile Money,No,1,10,10,Low
8/14/2024,NTC002858,Loyalty,M,Cyber services,Mobile Money,Yes,1,20,20,Low
8/14/2024,NTC002859,Non-loyalty,M,Cyber services,Mobile Money,Yes,7,20,140,High
8/14/2024,NTC002860,Non-loyalty,M,Cyber services,Cash,No,3,5,15,Low
8/14/2024,NTC002861,Loyalty,M,Cyber services,Cash,Yes,1,50,50,Low
8/14/2024,NTC002862,Loyalty,F,Cyber services,Mobile Money,No,1,30,30,Low
8/15/2024,NTC002863,Loyalty,M,Stationery & Office Supplies,Mobile Money,Yes,1,200,200,High
8/15/2024,NTC002864,Loyalty,M,Cyber services,Mobile Money,Yes,13,10,130,High
8/15/2024,NTC002865,Non-loyalty,F,Cyber services,Mobile Money,No,1,10,10,Low
8/15/2024,NTC002866,Loyalty,M,Stationery & Office Supplies,Mobile Money,Yes,1,10,10,Low
8/15/2024,NTC002867,Loyalty,F,Stationery & Office Supplies,Cash,Yes,2,10,20,Low
8/15/2024,NTC002868,Loyalty,F,Cyber services,Cash,No,11,5,55,Low
8/15/2024,NTC002869,Loyalty,F,Cyber services,Mobile Money,Yes,1,10,10,Low
8/15/2024,NTC002870,Loyalty,M,Cyber services,Cash,No,1,10,10,Low
8/15/2024,NTC002871,Non-loyalty,F,Cyber services,Mobile Money,Yes,1,50,50,Low
8/16/2024,NTC002872,Loyalty,F,Cyber services,Mobile Money,Yes,34,10,340,High
8/16/2024,NTC002873,Loyalty,M,Print media,Mobile Money,Yes,1,60,60,Low
8/16/2024,NTC002874,Loyalty,F,Stationery & Office Supplies,Cash,No,1,10,10,Low
8/16/2024,NTC002875,Loyalty,F,Cyber services,Cash,Yes,1,100,100,High
8/16/2024,NTC002876,Loyalty,F,Stationery & Office Supplies,Mobile Money,No,1,50,50,Low
8/16/2024,NTC002877,Loyalty,F,Stationery & Office Supplies,Cash,No,1,50,50,Low
8/16/2024,NTC002878,Loyalty,F,Online support services,Cash,No,1,50,50,Low
8/16/2024,NTC002879,Non-loyalty,M,Online support services,Mobile Money,No,1,50,50,Low
8/17/2024,NTC002880,Non-loyalty,F,Cyber services,Cash,Yes,8,5,40,Low
8/17/2024,NTC002881,Loyalty,F,Cyber services,Cash,Yes,1,10,10,Low
8/17/2024,NTC002882,Loyalty,M,Print media,Mobile Money,Yes,1,60,60,Low
8/19/2024,NTC002883,Loyalty,M,Cyber services,Mobile Money,No,38,10,380,High
8/19/2024,NTC002884,Loyalty,M,Cyber services,Cash,Yes,7,5,35,Low
8/19/2024,NTC002885,Loyalty,F,Online support services,Mobile Money,No,1,10,10,Low
8/19/2024,NTC002886,Loyalty,M,Cyber services,Cash,Yes,3,10,30,Low
8/19/2024,NTC002887,Non-loyalty,F,Print media,Mobile Money,Yes,1,60,60,Low
8/19/2024,NTC002888,Non-loyalty,F,Stationery & Office Supplies,Mobile Money,No,4,10,40,Low
8/19/2024,NTC002889,Loyalty,M,Cyber services,Mobile Money,No,1,20,20,Low
8/19/2024,NTC002890,Loyalty,M,Stationery & Office Supplies,Mobile Money,No,16,3,48,Low
8/19/2024,NTC002891,Loyalty,F,Cyber services,Cash,No,7,20,140,High
8/20/2024,NTC002892,Loyalty,M,Stationery & Office Supplies,Mobile Money,No,1,50,50,Low
8/20/2024,NTC002893,Loyalty,F,Cyber services,Mobile Money,Yes,24,10,240,High
8/20/2024,NTC002894,Loyalty,M,Cyber services,Mobile Money,No,24,5,120,High
8/20/2024,NTC002895,Loyalty,M,Stationery & Office Supplies,Cash,Yes,1,10,10,Low
8/20/2024,NTC002896,Non-loyalty,M,Stationery & Office Supplies,Cash,Yes,1,5,5,Low
8/20/2024,NTC002897,Non-loyalty,F,Print media,Mobile Money,Yes,1,60,60,Low
8/21/2024,NTC002898,Loyalty,M,Cyber services,Mobile Money,No,16,10,160,High
8/21/2024,NTC002899,Non-loyalty,F,Stationery & Office Supplies,Mobile Money,No,1,120,120,High
8/21/2024,NTC002900,Non-loyalty,F,Stationery & Office Supplies,Mobile Money,No,5,30,150,High
8/23/2024,NTC002901,Loyalty,F,Stationery & Office Supplies,Mobile Money,Yes,1,10,10,Low
8/23/2024,NTC002902,Non-loyalty,F,Stationery & Office Supplies,Mobile Money,No,1,5,5,Low
8/23/2024,NTC002903,Loyalty,M,Print media,Cash,Yes,1,60,60,Low
8/23/2024,NTC002904,Loyalty,F,Cyber services,Mobile Money,Yes,1,20,20,Low
8/23/2024,NTC002905,Loyalty,F,Cyber services,Mobile Money,No,1,50,50,Low
8/23/2024,NTC002906,Non-loyalty,M,Cyber services,Mobile Money,No,2,10,20,Low
8/24/2024,NTC002907,Loyalty,F,Cyber services,Mobile Money,No,1,50,50,Low
8/24/2024,NTC002908,Loyalty,M,Stationery & Office Supplies,Mobile Money,Yes,1,10,10,Low
8/24/2024,NTC002909,Non-loyalty,F,Stationery & Office Supplies,Mobile Money,Yes,2,3,6,Low
8/24/2024,NTC002910,Non-loyalty,M,Cyber services,Cash,No,1,10,10,Low
8/26/2024,NTC002911,Loyalty,F,Cyber services,Cash,No,9,10,90,High
8/26/2024,NTC002912,Loyalty,M,Cyber services,Cash,Yes,1,50,50,Low
8/26/2024,NTC002913,Loyalty,F,Cyber services,Cash,Yes,2,50,100,High
8/26/2024,NTC002914,Loyalty,F,Cyber services,Cash,No,4,5,20,Low
8/26/2024,NTC002915,Loyalty,M,Stationery & Office Supplies,Cash,Yes,1,10,10,Low
8/26/2024,NTC002916,Loyalty,M,Cyber services,Mobile Money,Yes,1,20,20,Low
8/26/2024,NTC002917,Loyalty,M,Cyber services,Mobile Money,Yes,2,20,40,Low
8/27/2024,NTC002918,Loyalty,M,Stationery & Office Supplies,Mobile Money,No,1,10,10,Low
8/27/2024,NTC002919,Loyalty,F,Cyber services,Mobile Money,Yes,10,10,100,High
8/27/2024,NTC002920,Loyalty,F,Cyber services,Mobile Money,Yes,3,10,30,Low
8/28/2024,NTC002921,Non-loyalty,M,Stationery & Office Supplies,Mobile Money,No,1,220,220,High
8/28/2024,NTC002922,Non-loyalty,F,Stationery & Office Supplies,Cash,No,2,50,100,High
8/28/2024,NTC002923,Non-loyalty,M,Stationery & Office Supplies,Mobile Money,No,2,25,50,Low
8/28/2024,NTC002924,Loyalty,M,Stationery & Office Supplies,Cash,Yes,1,70,70,Low
8/28/2024,NTC002925,Loyalty,F,Stationery & Office Supplies,Cash,Yes,1,50,50,Low
8/28/2024,NTC002926,Loyalty,F,Cyber services,Mobile Money,No,25,5,125,High
8/28/2024,NTC002927,Loyalty,F,Cyber services,Mobile Money,Yes,2,20,40,Low
8/28/2024,NTC002928,Loyalty,F,Cyber services,Mobile Money,Yes,83,10,830,High
8/28/2024,NTC002929,Non-loyalty,F,Cyber services,Mobile Money,Yes,2,10,20,Low
8/28/2024,NTC002930,Non-loyalty,F,Print media,Mobile Money,Yes,1,60,60,Low
8/28/2024,NTC002931,Non-loyalty,F,Stationery & Office Supplies,Mobile Money,No,2,50,100,High
8/28/2024,NTC002932,Loyalty,M,Cyber services,Mobile Money,Yes,1,10,10,Low
8/28/2024,NTC002933,Loyalty,M,Online support services,Cash,No,1,300,300,High
8/29/2024,NTC002934,Loyalty,M,Cyber services,Mobile Money,Yes,1,10,10,Low
8/29/2024,NTC002935,Non-loyalty,M,Stationery & Office Supplies,Mobile Money,Yes,1,10,10,Low
8/29/2024,NTC002936,Non-loyalty,M,Stationery & Office Supplies,Cash,No,1,250,250,High
8/29/2024,NTC002937,Non-loyalty,F,Stationery & Office Supplies,Mobile Money,Yes,16,10,160,High
8/29/2024,NTC002938,Non-loyalty,M,Print media,Mobile Money,No,1,60,60,Low
8/29/2024,NTC002939,Loyalty,M,Stationery & Office Supplies,Cash,Yes,2,50,100,High
8/29/2024,NTC002940,Loyalty,M,Cyber services,Mobile Money,No,5,5,25,Low
8/29/2024,NTC002941,Loyalty,M,Cyber services,Mobile Money,Yes,2,20,40,Low
8/30/2024,NTC002942,Loyalty,M,Stationery & Office Supplies,Mobile Money,Yes,1,100,100,High
8/30/2024,NTC002943,Loyalty,M,Cyber services,Mobile Money,No,4,10,40,Low
8/30/2024,NTC002944,Non-loyalty,M,Cyber services,Mobile Money,No,23,5,115,High
8/30/2024,NTC002945,Non-loyalty,F,Cyber services,Mobile Money,Yes,2,50,100,High
8/30/2024,NTC002946,Non-loyalty,F,Stationery & Office Supplies,Cash,Yes,2,10,20,Low
8/30/2024,NTC002947,Loyalty,M,Cyber services,Mobile Money,No,12,10,120,High
8/31/2024,NTC002948,Non-loyalty,F,Cyber services,Mobile Money,No,1,30,30,Low
8/31/2024,NTC002949,Non-loyalty,F,Stationery & Office Supplies,Cash,Yes,1,10,10,Low
8/31/2024,NTC002950,Loyalty,F,Cyber services,Cash,No,1,10,10,Low
8/31/2024,NTC002951,Loyalty,F,Cyber services,Mobile Money,Yes,1,10,10,Low
8/31/2024,NTC002952,Non-loyalty,M,Cyber services,Cash,Yes,6,5,30,Low
9/2/2024,NTC002953,Loyalty,F,Online support services,Mobile Money,Yes,3,20,60,Low
9/2/2024,NTC002954,Loyalty,F,Online support services,Mobile Money,No,1,50,50,Low
9/2/2024,NTC002955,Non-loyalty,F,Cyber services,Cash,No,1,20,20,Low
9/2/2024,NTC002956,Non-loyalty,M,Print media,Mobile Money,Yes,1,60,60,Low
9/2/2024,NTC002957,Non-loyalty,M,Cyber services,Mobile Money,No,1,100,100,High
9/2/2024,NTC002958,Non-loyalty,M,Cyber services,Cash,No,2,50,100,High
9/2/2024,NTC002959,Loyalty,M,Cyber services,Cash,No,2,5,10,Low
9/2/2024,NTC002960,Loyalty,M,Cyber services,Cash,No,1,10,10,Low
9/2/2024,NTC002961,Non-loyalty,M,Stationery & Office Supplies,Cash,Yes,1,10,10,Low
9/3/2024,NTC002962,Loyalty,M,Cyber services,Mobile Money,No,14,5,70,Low
9/3/2024,NTC002963,Non-loyalty,F,Cyber services,Cash,No,1,50,50,Low
9/3/2024,NTC002964,Non-loyalty,F,Print media,Cash,Yes,1,60,60,Low
9/3/2024,NTC002965,Loyalty,F,Cyber services,Cash,No,1,10,10,Low
9/3/2024,NTC002966,Loyalty,M,Online support services,Cash,Yes,1,500,500,High
9/4/2024,NTC002967,Non-loyalty,M,Cyber services,Cash,Yes,2,5,10,Low
9/4/2024,NTC002968,Non-loyalty,M,Cyber services,Mobile Money,No,2,10,20,Low
9/4/2024,NTC002969,Loyalty,M,Cyber services,Cash,Yes,1,20,20,Low
9/4/2024,NTC002970,Loyalty,M,Cyber services,Mobile Money,No,1,50,50,Low
9/4/2024,NTC002971,Loyalty,F,Cyber services,Cash,Yes,30,10,300,High
9/4/2024,NTC002972,Loyalty,F,Cyber services,Cash,No,1,50,50,Low
9/4/2024,NTC002973,Loyalty,M,Cyber services,Cash,No,10,20,200,High
9/4/2024,NTC002974,Loyalty,M,Stationery & Office Supplies,Cash,Yes,1,60,60,Low
9/5/2024,NTC002975,Loyalty,M,Cyber services,Cash,Yes,1,50,50,Low
9/5/2024,NTC002976,Loyalty,M,Stationery & Office Supplies,Cash,Yes,2,10,20,Low
9/5/2024,NTC002977,Loyalty,F,Cyber services,Cash,Yes,3,10,30,Low
9/5/2024,NTC002978,Loyalty,M,Cyber services,Cash,No,14,10,140,High
9/5/2024,NTC002979,Loyalty,M,Cyber services,Mobile Money,No,6,5,30,Low
9/5/2024,NTC002980,Loyalty,M,Cyber services,Cash,No,2,50,100,High
9/6/2024,NTC002981,Loyalty,M,Print media,Mobile Money,Yes,2,60,120,High
9/6/2024,NTC002982,Non-loyalty,F,Cyber services,Cash,Yes,2,5,10,Low
9/6/2024,NTC002983,Loyalty,M,Cyber services,Mobile Money,Yes,1,10,10,Low
9/7/2024,NTC002984,Loyalty,M,Cyber services,Cash,No,50,5,250,High
9/7/2024,NTC002985,Loyalty,F,Stationery & Office Supplies,Cash,No,3,10,30,Low
9/7/2024,NTC002986,Loyalty,F,Stationery & Office Supplies,Cash,No,12,3,36,Low
9/7/2024,NTC002987,Loyalty,F,Stationery & Office Supplies,Mobile Money,Yes,1,250,250,High
9/9/2024,NTC002988,Loyalty,M,Cyber services,Mobile Money,No,11,10,110,High
9/9/2024,NTC002989,Loyalty,M,Cyber services,Mobile Money,Yes,8,5,40,Low
9/9/2024,NTC002990,Loyalty,F,Cyber services,Mobile Money,No,2,10,20,Low
9/9/2024,NTC002991,Non-loyalty,F,Online support services,Cash,No,1,150,150,High
9/9/2024,NTC002992,Non-loyalty,F,Online support services,Cash,Yes,1,50,50,Low
9/9/2024,NTC002993,Loyalty,F,Cyber services,Cash,Yes,1,10,10,Low
9/9/2024,NTC002994,Loyalty,F,Cyber services,Mobile Money,No,5,50,250,High
9/9/2024,NTC002995,Loyalty,F,Cyber services,Cash,Yes,5,50,250,High
9/9/2024,NTC002996,Loyalty,M,Cyber services,Mobile Money,No,1,20,20,Low
9/9/2024,NTC002997,Loyalty,M,Cyber services,Mobile Money,No,1,20,20,Low
9/10/2024,NTC002998,Non-loyalty,M,Cyber services,Mobile Money,No,2,50,100,High
9/10/2024,NTC002999,Non-loyalty,F,Cyber services,Mobile Money,No,12,5,60,Low
9/10/2024,NTC003000,Loyalty,F,Cyber services,Mobile Money,No,2,10,20,Low
9/10/2024,NTC003001,Loyalty,F,Stationery & Office Supplies,Cash,No,3,60,180,High
9/10/2024,NTC003002,Non-loyalty,F,Stationery & Office Supplies,Mobile Money,No,2,10,20,Low
9/10/2024,NTC003003,Loyalty,F,Stationery & Office Supplies,Mobile Money,No,1,5,5,Low
9/11/2024,NTC003004,Non-loyalty,F,Print media,Cash,No,1,60,60,Low
9/11/2024,NTC003005,Non-loyalty,M,Cyber services,Mobile Money,No,1,10,10,Low
9/11/2024,NTC003006,Loyalty,M,Stationery & Office Supplies,Mobile Money,Yes,1,130,130,High
9/12/2024,NTC003007,Non-loyalty,F,Stationery & Office Supplies,Cash,Yes,1,10,10,Low
9/12/2024,NTC003008,Non-loyalty,M,Online support services,Cash,No,1,50,50,Low
9/12/2024,NTC003009,Loyalty,F,Cyber services,Cash,No,6,10,60,Low
9/12/2024,NTC003010,Non-loyalty,M,Cyber services,Mobile Money,No,11,5,55,Low
9/12/2024,NTC003011,Non-loyalty,F,Mobile Accessories,Cash,No,1,150,150,High
9/12/2024,NTC003012,Non-loyalty,F,Stationery & Office Supplies,Cash,No,1,100,100,High
9/12/2024,NTC003013,Loyalty,M,Stationery & Office Supplies,Cash,No,1,100,100,High
9/12/2024,NTC003014,Loyalty,M,Stationery & Office Supplies,Mobile Money,Yes,1,70,70,Low
